3406 5262
241 290 303 356 130

1688 377 1690 400 t

1688 415 1690 460 i

239 495 336 564 Sebes
358 495 520 580 baptizare
543 499 760 580 praesumant3
784 495 842 561 hoc
872 495 966 562 etiam
998 493 1159 576 edicimus
1184 497 1219 558 nt
1242 490 1347 558 nullus
1370 488 1586 558 schismatico·
1689 499 1690 542 ὲ

238 603 310 652 rum
332 584 479 652 sacerdos
501 581 641 666 aliquem
664 582 854 649 catholicum
877 581 1078 648 districtuum
1093 580 1260 646 Hathusak
1276 583 1309 644 et
1331 576 1455 642 Mihold
1472 576 1587 642 debeat
1688 593 1690 614 ³

239 671 414 756 baptizare,
449 675 481 736 et
502 671 531 738 si
554 670 711 754 quispiam
742 670 927 735 eorumdem
948 669 999 734 his
1021 667 1214 734 contrarium
1242 666 1345 732 lacere
1368 661 1587 744 attentaverit,

239 763 422 825 coerceatur
444 758 541 824 immo
564 761 597 823 et
620 758 769 838 puniatur
791 757 967 838 privatione
989 773 1118 822 suorum
1140 755 1293 820 bonorum
1316 771 1373 835 per
1396 748 1588 817 castellanos

239 845 272 910 in
303 843 400 912 Sebes
430 846 527 910 etin
557 843 680 910 Mihold
709 844 907 909 consdtutos.
939 842 1114 908 Didicimns
1142 841 1279 920 denique
1310 857 1368 922 per
1397 835 1589 905 sufficientis

240 934 439 1012 documenta,
470 932 554 1013 quod
585 931 745 1013 plerisque
775 931 840 995 iam
870 935 1064 1012 compertum
1097 927 1139 994 sit
1172 926 1303 1007 viribus,
1327 930 1363 991 ut
1385 921 1533 990 nonnulli
1556 922 1588 987 in
1689 939 1690 946 ¹

240 1023 409 1104 reprobum
432 1037 559 1084 sensum
581 1017 648 1084 dati
671 1017 813 1082 homines
835 1015 868 1080 in
890 1015 952 1081 fide
975 1014 1131 1082 catholica
1153 1014 1355 1095 baptimatis
1377 1011 1465 1078 fonte
1483 1009 1589 1075 renati

240 1111 274 1170 st
304 1105 455 1188 baptizati
479 1105 603 1171 abiecto
632 1103 693 1169 Dei
717 1105 831 1169 timore
860 1107 892 1168 et
921 1101 1128 1169 infernalibus
1151 1101 1344 1167 cruciatibus
1366 1098 1459 1183 parvi
1481 1096 1590 1180 pensis

240 1194 282 1258 ad
299 1192 396 1256 ritum
419 1191 693 1258 schismaticorum
715 1209 750 1256 se
773 1194 998 1256 conuerterunt
1021 1195 1053 1254 et
1076 1188 1194 1254 eisdem
1211 1189 1297 1253 cousi
1313 1185 1452 1264 fuerunt,
1477 1201 1589 1249 verum

240 1279 315 1361 quia
336 1275 429 1359 tales,
453 1296 515 1344 non
539 1278 702 1344 christiani
735 1283 768 1340 et
799 1273 873 1342 fidei
896 1275 1087 1342 christianae
1110 1274 1256 1356 cultores,
1287 1274 1343 1340 sed
1367 1289 1455 1337 mere
1478 1271 1591 1336 haere·

242 1365 308 1446 tici,
331 1365 428 1432 immo
451 1365 497 1431 eis
519 1365 643 1447 peiores
665 1367 739 1429 sunt
761 1362 939 1444 reputandi,
963 1361 1019 1428 nos
1042 1379 1150 1428 eorum
1172 1359 1498 1444 perhorrendissimae
1521 1375 1591 1438 per·

240 1452 378 1518 versioni
407 1451 546 1518 medium
575 1449 780 1517 correctionis
812 1453 988 1533 opportune
1019 1467 1176 1531 opponere
1201 1446 1344 1513 volentes
1367 1445 1590 1529 praesentibus

242 1538 408 1620 sancimus,
434 1543 470 1602 ut
493 1556 601 1603 omnes
624 1536 713 1621 tales,
737 1535 792 1616 qui
816 1534 966 1616 baptizati
989 1535 1029 1601 ad
1051 1535 1148 1600 ritum
1171 1533 1444 1599 schismaticomm
1467 1549 1504 1596 se
1520 1547 1591 1596 con·
1688 1579 1690 1614 ,

241 1623 396 1690 venerint
417 1629 450 1689 et
472 1625 518 1689 eis
540 1625 590 1689 usi
612 1623 740 1702 fuerint,
763 1640 822 1704 per
844 1620 1033 1687 castellanos
1055 1631 1179 1686 nostros
1202 1621 1234 1684 in
1251 1619 1348 1686 Sebes
1372 1637 1429 1701 pro
1444 1624 1592 1699 temporo
1689 1667 1690 1702 ,

242 1710 430 1777 constitutos
452 1710 596 1776 omnibus
620 1711 711 1775 honis
733 1707 902 1774 mobilibus
934 1709 1106 1790 priventur,
1129 1716 1162 1772 et
1184 1707 1211 1772 si
1234 1707 1356 1772 nobiles
1379 1709 1436 1770 aut
1458 1701 1592 1768 Kenesii
1688 1725 1690 1744 c

241 1796 362 1864 fuerint
384 1797 417 1860 in
439 1796 619 1862 huiusmodi
641 1795 818 1878 perniciosa
851 1800 884 1860 et
907 1793 1301 1876 clamahili‘perversitate
1323 1791 1453 1874 reperti,
1476 1789 1592 1856 talium

241 1881 458 1967 possessiones
479 1902 537 1964 per
559 1884 687 1948 eosdem
710 1902 728 1946 a
750 1887 860 1947 nostra
882 1886 1074 1962 occupentur
1096 1880 1270 1944 maiestate.

309 1969 477 2036 Caeterum
509 1970 585 2051 quia
616 1968 771 2052 praedicti
802 1967 918 2034 fratres
940 1967 1077 2032 minores
1103 1965 1136 2030 in
1160 1966 1244 2032 dicto
1267 1963 1414 2031 claustro
1430 1963 1471 2030 de
1495 1961 1594 2028 Sebes
1689 1925 1690 2006 ἶ

242 2073 300 2139 pro
322 2060 464 2139 tempore
486 2055 663 2122 residentes
686 2055 795 2121 crebre
818 2052 976 2136 lignorum
998 2054 1138 2120 habeant
1160 2051 1370 2134 indigentiam
1387 2069 1444 2133 pro
1460 2049 1594 2116 claustri

243 2144 469 2224 domorumque
491 2159 529 2209 ac
559 2147 627 2207 tum
658 2141 887 2207 habitationum
918 2141 1099 2206 eorumdem
1126 2137 1300 2204 refectione
1324 2145 1356 2205 et
1379 2138 1595 2220 reparatione,
1689 2171 1690 2214 3

242 2247 363 2294 necea
386 2228 513 2294 aliunde
536 2228 676 2296 habeant
699 2246 821 2310 capere,
845 2227 905 2292 uisi
929 2246 948 2292 a
970 2228 1060 2292 nohis
1083 2227 1128 2292 cis
1152 2226 1196 2290 sit
1218 2224 1389 2306 provisum,
1413 2221 1596 2305 obligamus

243 2333 301 2380 nos
324 2333 362 2379 ex
384 2319 471 2381 certa
493 2323 603 2381 nostra
624 2315 756 2381 scientia
778 2319 810 2379 et
831 2313 938 2394 regiae
961 2313 1127 2395 potestatis
1149 2311 1356 2394 plenitudine,
1381 2309 1506 2376 eisdem
1530 2308 1594 2374 fra·

244 2401 355 2474 tribus,
380 2400 490 2483 quiin
515 2400 599 2467 dicto
622 2401 761 2466 claustro
791 2401 831 2466 de
862 2399 961 2465 Sebes
992 2405 1073 2476 sunt,
1107 2404 1139 2464 et
1162 2398 1217 2480 qui
1240 2417 1297 2480 pro
1321 2403 1464 2480 tempore
1490 2401 1595 2472 erunt,

244 2487 420 2569 annuimus,
444 2493 478 2552 ut
501 2487 749 2568 quandocunque
772 2491 804 2552 ct
826 2486 1073 2568 quotiescunque
1095 2485 1191 2551 iidem
1207 2483 1324 2550 iratres
1338 2485 1480 2552 minores
1498 2480 1598 2549 eccle-

244 2574 324 2640 siam
349 2578 403 2638 aut
420 2573 530 2639 domos
551 2572 603 2638 vel
626 2574 804 2639 necessaria
826 2573 1059 2640 habitationum
1082 2591 1211 2638 suarum
1233 2569 1363 2638 reficere
1387 2577 1421 2636 et
1443 2586 1599 2652 reparare

245 2677 374 2726 necesse
397 2660 573 2743 habuerint,
596 2678 721 2740 semper
752 2659 848 2724 iidem
871 2661 910 2726 de
933 2660 1050 2724 nostris
1079 2658 1241 2740 regalibus
1264 2657 1354 2724 silvis
1377 2663 1410 2723 et
1433 2657 1537 2724 etiam
1559 2655 1598 2721 de

246 2745 334 2811 silvis
358 2763 625 2828 quorumcumque
654 2746 863 2812 Kenesiorum
891 2747 1070 2811 nostrorum
1100 2744 1256 2826 regalium
1288 2745 1322 2809 in
1353 2745 1423 2826 ipso
1446 2743 1599 2808 districtu

246 2832 287 2899 de
310 2831 409 2897 Sebes
431 2831 646 2910 residentium,
670 2831 758 2914 ligna
780 2832 827 2898 eis
850 2831 973 2916 placida
997 2833 1069 2912 (sic)
1094 2838 1125 2898 et
1149 2831 1190 2898 ad
1213 2831 1394 2896 huiusmodi
1416 2828 1597 2912 reparatio·

246 2937 317 2983 nem
351 2916 593 2984 reficiendorum
625 2917 766 2984 valentia
799 2923 833 2983 et
865 2917 1083 2985 convenientia
1117 2919 1157 2984 ad
1190 2915 1413 2983 sufficientiam
1449 2914 1600 2999 capiendi

245 3004 385 3070 habeant
416 3003 542 3086 plenam
571 3004 765 3084 facultatem,
796 3005 980 3070 mandantes
1012 3023 1069 3086 per
1098 3003 1212 3070 harum
1245 3008 1389 3070 tenorem
1413 3002 1601 3068 firmissimo

247 3093 306 3156 sub
330 3095 499 3172 praecepto
522 3089 703 3156 castellanis
725 3091 764 3155 de
788 3090 887 3157 Sebes
904 3110 941 3157 ac
956 3092 1100 3156 omnibus
1116 3095 1149 3157 et
1164 3088 1299 3171 singulis
1315 3089 1463 3156 Kenesiis
1480 3088 1602 3155 nostris

246 3175 411 3258 regalibus
440 3177 602 3242 modernis
633 3182 664 3242 et
695 3175 818 3258 futuris,
851 3184 886 3242 ut
920 3179 994 3242 dnm
1024 3181 1057 3242 et
1080 3177 1351 3259 quotienscunque
1375 3181 1432 3242 aut
1455 3175 1601 3257 quando·

248 3281 371 3344 cunque
395 3281 452 3346 per
474 3261 590 3328 fratres
612 3263 712 3343 ipsius
734 3263 863 3329 claustri
886 3282 943 3345 pro
965 3264 1145 3330 huiusmodi
1168 3265 1214 3329 eis
1237 3264 1351 3330 dandis
1366 3261 1462 3345 lignis
1480 3261 1604 3327 fuerint

248 3349 403 3430 requisiti,
439 3367 564 3432 semper
587 3350 705 3414 eisdem
736 3351 777 3416 ad
808 3350 1053 3432 praemissorum
1088 3349 1329 3416 reficiendorum
1363 3349 1604 3432 reparationem

248 3434 336 3516 ligna
358 3433 546 3501 sufficientia
569 3437 646 3501 dare
668 3435 804 3502 debeant
826 3442 858 3501 et
880 3442 1048 3504 teneantur
1065 3437 1184 3518 absque
1199 3455 1312 3503 recusa
1330 3434 1475 3518 aliquali,
1496 3440 1531 3502 et
1547 3451 1605 3501 nec

249 3521 283 3585 in
305 3521 355 3586 his
377 3539 470 3587 secus
491 3521 595 3588 facere
618 3528 830 3604 praesumant.

315 3607 484 3673 Prosentcs
506 3613 612 3673 autem
634 3609 667 3673 in
690 3610 933 3690 praemissorum
955 3609 1139 3675 memoriam
1162 3615 1194 3675 et
1209 3609 1393 3677 firmitatem
1409 3613 1603 3692 perpetuam

250 3691 349 3775 sigilli
371 3694 471 3758 nostri
493 3694 664 3760 munimine
686 3695 850 3761 roboratas
873 3696 949 3779 ipsis
972 3696 1124 3763 iratribus
1146 3697 1294 3762 duximus
1316 3696 1550 3762 concedendas.

317 3779 436 3845 Datum
458 3779 490 3844 in
512 3780 673 3862 praedicto
696 3779 794 3846 Sebes
812 3780 889 3847 feria
908 3783 1017 3864 quinta
1032 3789 1104 3865 post
1119 3781 1236 3848 festum
1253 3783 1281 3849 b.
1298 3783 1445 3850 Andreae
1462 3779 1605 3866 apostoli

251 3883 334 3932 anno
356 3865 482 3930 Domini
509 3869 599 3950 1428,
622 3885 790 3948 regnorum
812 3873 990 3935 nostrorum
1022 3888 1104 3936 anno
1138 3869 1324 3952 Hungariae
1357 3875 1409 3934 42.
1443 3869 1605 3937 Romano

130 4009 132 4014 .
251 3969 323 4016 rum
348 3951 398 4032 18,
422 3955 454 4016 et
476 3951 644 4018 Bohemiae
667 3959 696 4017 9.

316 4069 360 4124 Ex
378 4069 503 4140 originali
521 4071 549 4124 in
567 4071 684 4126 tabnlnr.
702 4075 823 4142 provinc.
843 4090 879 4128 ss.
899 4075 1048 4131 salvatoris
1067 4073 1142 4131 fratr.
1165 4077 1263 4130 minor.
1284 4074 1497 4146 Gydugydsien.

637 4245 817 4312 DOLXXX.
846 4247 937 4332 1429,
961 4249 1059 4319 initio
1082 4249 1218 4338 Aprilis.

320 4363 431 4429 Comes
454 4363 516 4429 Vllr
539 4365 700 4432 irritavit
723 4372 877 4435 communi
893 4373 1042 4453 ragusino
1057 4391 1114 4453 per
1129 4373 1280 4438 nuncium
1295 4373 1454 4438 loannem
1470 4370 1592 4438 Aleksi

255 4453 364 4515 notum
386 4449 471 4532 fecit,
495 4452 578 4532 quod
600 4471 703 4519 comes
735 4455 871 4523 Vlahota
901 4457 1082 4525 Hranlrovic
1111 4477 1264 4527 canonem
1295 4476 1388 4525 suum
1412 4457 1596 4527 arendalerr

256 4553 313 4616 pro
335 4537 474 4618 portorio
496 4537 528 4602 in
551 4537 656 4605 Dreva
680 4539 877 4621 persolverit.

322 4655 417 4711 Pucid:
436 4659 603 4724 Gnouennrqrr
622 4662 731 4728 cpdcnu,
750 4659 789 4716 ΙΙ.
807 4661 849 4716 84.
