3428 5256
1388 305 1447 368 189

100 521 171 571 mm
193 501 313 573 multos
335 504 450 573 afferro
479 503 657 589 manipulos
687 509 720 571 at
741 506 782 572 de
804 505 934 574 talentis
964 507 1011 574 eis
1033 505 1164 575 creditis
1185 508 1299 576 bonam
1321 507 1449 576 domino

100 589 239 660 residem
268 592 434 677 rationem,
466 593 679 660 affectuosiori
709 594 814 660 studio
844 593 1010 662 confovere
1040 599 1193 674 tenemur,
1225 599 1261 661 ut
1283 595 1316 660 in
1339 614 1449 663 eorum

99 675 222 746 sanctis
244 679 403 762 operibus,
437 697 495 762 per
526 699 588 762 qua
620 678 699 748 fides
734 679 890 748 catholica
924 680 1060 764 pullulat
1093 687 1126 747 et
1156 699 1253 748 sonus
1283 700 1391 748 eorum
1414 683 1448 748 in

97 781 226 832 omnem
250 771 368 833 terram
393 766 528 833 dulciter
550 768 683 848 intonat,
706 765 752 832 nil
768 785 823 835 eos
837 767 1000 852 impediat,
1016 767 1062 832 nil
1077 769 1252 852 perturbet,
1268 769 1324 834 sed
1339 774 1448 836 nostre

96 850 325 919 sollicitudinis
346 853 464 936 studio,
487 853 528 920 ab
551 855 597 921 eis
626 854 808 936 quorumvis
830 855 1085 938 commotionum,
1111 853 1343 934 scandalorum,
1367 855 1446 923 divi-

96 939 290 1022 sionumque
311 939 466 1006 submotis
496 940 685 1022 turbinibus,
715 939 834 1024 placita
864 941 979 1023 quietis
1011 941 1207 1008 dulcitudine
1236 941 1449 1024 gratulentur.

98 1025 180 1092 Gom
204 1027 314 1110 itaque
341 1027 409 1110 ianr
435 1045 493 1112 per
522 1031 649 1094 centum
680 1045 780 1094 annos
802 1035 835 1094 et
854 1027 940 1094 ultra
962 1028 1103 1111 ejusdem
1126 1028 1246 1096 ordinis
1268 1028 1384 1095 fratres
1407 1031 1448 1096 de

96 1113 305 1181 observantia
326 1114 498 1196 nuncupati
521 1114 600 1180 adso
622 1115 827 1196 omnipotenti
849 1116 909 1181 deo
931 1115 963 1180 in
987 1115 1130 1198 partibus
1152 1115 1266 1194 B0zue,
1291 1115 1446 1201 Ungarie,

97 1198 266 1286 moncia,
287 1199 457 1282 Dalmatio,
480 1199 630 1284 Bnlgaria
652 1207 686 1268 ot
707 1203 821 1270 Rascie
843 1201 1019 1282 ceterisque
1041 1201 1157 1268 finibus
1178 1200 1387 1268 orientalibus
1412 1209 1446 1268 et

97 1286 320 1369 aquillonariis
334 1305 391 1354 seo
407 1287 598 1355 australibus
613 1294 739 1371 gratum
762 1307 852 1356 suum
876 1289 1077 1356 exhibuerint
1092 1287 1279 1355 famulatum
1295 1289 1335 1355 ad
1351 1288 1446 1354 lucri-

96 1372 241 1440 lioandas
257 1375 378 1440 animas
394 1372 513 1440 Christi
536 1376 688 1457 sanguine
710 1378 900 1460 redemptas,
925 1375 1080 1457 quinimo
1103 1376 1181 1442 odor
1203 1376 1357 1442 bonorum
1373 1395 1447 1458 ope·

97 1477 170 1527 rum
195 1461 380 1527 eommdem
401 1479 459 1545 per
480 1463 588 1529 orbem
611 1461 743 1530 diffusus
772 1461 889 1528 multas
911 1460 1050 1530 fidelium
1077 1469 1199 1528 mentes
1222 1461 1320 1528 celica
1343 1464 1447 1529 suavi·

96 1550 166 1613 tate
176 1546 361 1630 repleverit,
384 1548 550 1616 devotione
573 1550 692 1632 pariter
714 1554 747 1616 et
768 1547 932 1616 allectione
954 1547 1160 1616 sanctimonie
1183 1547 1367 1631 spiritualis,
1383 1551 1440 1616 sed

97 1632 162 1700 heu
186 1634 269 1718 prob
291 1634 383 1700 dolor
404 1653 423 1702 a
445 1636 555 1719 paucis
577 1636 746 1704 admodum
758 1635 960 1717 temporibus,
976 1643 1081 1703 satore
1103 1635 1221 1702 zizania
1243 1641 1447 1718 procurante,

96 1719 238 1802 quedam
260 1725 370 1788 exorta
391 1723 499 1805 gravis
528 1729 561 1788 et
586 1723 653 1805 jam
683 1723 774 1790 nobis
805 1721 846 1789 ad
869 1723 1063 1790 audientiam
1093 1721 1197 1788 relata
1219 1727 1269 1787 est
1290 1722 1449 1788 discordia

95 1807 185 1872 inter
207 1807 325 1874 fratres
356 1807 525 1892 Huugoros
554 1827 594 1876 ex
623 1827 696 1892 una,
729 1815 762 1875 et
790 1809 970 1876 Bacuenses
1001 1813 1184 1890 ceterosque
1216 1806 1344 1874 Salaros
1367 1809 1448 1875 citra

95 1891 217 1960 flumen
239 1895 325 1961 Zavc
346 1897 523 1962 residentes
552 1913 589 1962 ex
612 1895 714 1964 altera
744 1895 898 1980 partibus,
922 1895 1005 1978 quod
1028 1895 1069 1962 ad
1091 1895 1278 1960 divisionem
1302 1895 1446 1961 venerint

94 1980 293 2080 vicenarum
314 1981 434 2082 ordinis
455 1981 604 2067 prelibati
626 1983 660 2048 in
682 1988 815 2066 motum,
840 1983 924 2082 quod
946 1979 1256 2084 llngarinelegeruut
1278 1980 1338 2047 sibi
1362 1981 1447 2048 vica·

95 2069 772 2240 Q⁹l⁰a⁸lell⁶r¹⁸sllrltfliil⁸iloi⁰
784 2067 1121 2238 „institisti
1144 2066 1448 2238 iiiiiillaiilli

95 2257 197 2323 mum,
220 2240 447 2308 detrimontum
468 2241 551 2310 solet
572 2241 695 2327 afferre,
726 2243 904 2325 compendii
926 2241 1077 2309 salutaria
1103 2247 1191 2306 motu
1214 2241 1350 2324 proprio,
1383 2260 1444 2308 non

94 2327 136 2392 ad
160 2327 305 2410 ipsorum
326 2327 462 2395 fratrum
484 2327 535 2396 vel
557 2329 689 2413 alicujus
711 2347 769 2414 pro
792 2329 838 2396 eis
860 2329 951 2395 uobis
974 2345 1069 2411 super
1084 2328 1143 2395 hoo
1162 2327 1268 2394 oblate
1283 2329 1444 2410 petitionis

94 2413 301 2496 instantiam
325 2416 381 2480 sed
402 2416 443 2483 de
465 2423 574 2484 nostra
602 2434 690 2484 mera
711 2415 949 2498 deliberatione,
981 2433 1021 2481 ex
1043 2421 1130 2482 certa
1152 2415 1285 2480 amentia
1307 2416 1442 2480 auotori-

94 2504 164 2566 tate
188 2502 363 2584 apostoliea
384 2506 494 2570 tenore
516 2504 709 2586 presentium
732 2503 889 2586 predictas
906 2501 1102 2584 divisionem,
1118 2503 1289 2568 scissuram
1307 2507 1340 2566 et
1354 2521 1444 2584 sepa-

93 2587 258 2654 rationem
281 2605 339 2670 per
370 2607 571 2672 quoscunque
600 2591 712 2673 quavis
734 2592 924 2658 auctoritato
946 2589 1087 2672 preditos
1110 2593 1141 2655 et
1165 2588 1444 2670 quomodocunque

92 2675 126 2738 in
149 2674 240 2740 diota
262 2673 381 2742 vicaria
410 2675 521 2758 lactas,
551 2683 736 2762 procuratas
766 2675 817 2744 vel
838 2678 1053 2760 intemptatas
1082 2693 1139 2742 nec
1162 2693 1224 2741 noo
1246 2692 1443 2757 quecumque

92 2760 172 2826 iude
201 2765 314 2828 secuta
345 2779 541 2844 revocamus,
571 2781 740 2846 cassamus,
770 2765 934 2830 irritamus
962 2767 996 2830 ot
1017 2763 1114 2830 etiam
1137 2759 1346 2840 annullamus,
1370 2761 1441 2828 nul-

92 2845 224 2929 liusque
246 2845 370 2916 roboris
392 2847 442 2917 vel
465 2851 615 2917 momenti
637 2850 705 2918 lore
735 2851 940 2934 decernimus,
965 2848 1108 2916 volumus
1131 2853 1164 2914 et
1187 2849 1443 2926 mandamento

91 2933 252 3003 vicariam
274 2935 377 3018 ipsam
399 2935 504 3003 Bozne
526 2937 700 3020 predictam
722 2937 872 3020 illiusque
894 2936 1010 3004 fratres
1025 2935 1192 3018 predictos,
1211 2935 1314 3017 quoad
1331 2936 1443 3001 domus

92 3025 127 3087 at
148 3019 225 3089 loca
258 3023 339 3089 citra
373 3028 406 3089 et
439 3022 525 3090 ultra
557 3021 672 3091 flumen
701 3024 785 3091 Zove
814 3024 993 3106 ubicunque
1024 3028 1113 3090 trans
1135 3039 1222 3088 mare
1244 3019 1443 3088 Adriaticum

93 3109 321 3190 consistentes,
344 3127 403 3176 nec
431 3127 495 3176 non
524 3111 630 3177 omnia
650 3117 683 3178 et
704 3109 830 3194 singula
860 3109 1036 3193 privilegia,
1063 3107 1285 3191 exemptiones,
1310 3108 1440 3189 gratias,

91 3193 231 3278 indulta,
253 3195 470 3263 immunitates
492 3202 525 3264 et
546 3199 617 3281 lura
638 3197 672 3262 in
693 3197 806 3264 eodem
828 3203 923 3275 statu,
945 3197 979 3263 in
995 3215 1067 3282 quo,
1083 3201 1254 3276 antequam
1270 3194 1443 3261 divisiones

91 3299 130 3348 ac
154 3284 377 3367 separationes
398 3281 519 3368 fierent,
543 3291 645 3366 erant,
668 3283 903 3368 quomodolibet
926 3289 1071 3350 emanata
1086 3282 1293 3359 restituimus,
1316 3281 1441 3364 reponi·

91 3385 167 3435 mus
189 3377 225 3436 et
246 3371 494 3454 reintegremus:
517 3379 688 3455 propterea
709 3377 807 3452 motu,
830 3371 973 3450 scientia,
990 3371 1179 3437 auctoritate
1195 3375 1227 3434 at
1241 3375 1353 3434 tenore
1373 3386 1444 3449 pre

91 3455 192 3522 dictis
214 3455 371 3538 volomus,
394 3457 565 3524 statuimus
588 3463 620 3524 et
642 3458 834 3538 ordinamus,
858 3457 941 3540 quod
965 3459 1113 3539 deinceps
1140 3454 1303 3538 perpetuis
1324 3453 1442 3520 futuris

90 3544 295 3626 temporibus
316 3543 422 3611 omnia
442 3549 475 3610 ot
496 3543 623 3628 singula
644 3546 755 3612 domus
777 3549 873 3625 atque
895 3543 965 3611 loca
987 3551 1051 3610 mm
1073 3545 1107 3608 iu
1130 3541 1235 3608 Bozne
1251 3557 1348 3622 quam
1366 3539 1439 3606 aliis

90 3630 269 3712 provirrciis
302 3631 370 3698 sive
403 3631 510 3714 regnis
543 3631 745 3700 consistentia
778 3631 931 3715 predicta,
966 3647 1028 3712 que
1061 3629 1167 3695 omnia
1197 3628 1314 3693 vicarie
1336 3627 1443 3692 Boane

91 3719 204 3784 vocari
226 3723 261 3786 et
283 3718 439 3786 nominari
460 3718 660 3802 precipimus,
684 3737 742 3801 per
758 3736 855 3784 uuum
871 3717 1023 3784 doarium
1037 3716 1107 3798 regi
1123 3715 1335 3800 decernimus3
1354 3715 1443 3796 cujus

91 3801 211 3870 electio
234 3805 276 3872 ad
298 3803 415 3872 traua
436 3805 530 3889 hujus
555 3805 677 3886 vicarie,
701 3806 801 3889 ipsius
823 3823 898 3872 vero
919 3802 1084 3870 electionis
1107 3799 1302 3870 confirmatio
1325 3799 1366 3868 ad
1388 3819 1441 3882 ge

91 3889 240 3957 noralem
262 3891 443 3958 ministrum
475 3891 590 3974 prefati
618 3893 738 3960 ordinis
765 3909 823 3975 pro
853 3899 994 3974 tempore
1024 3889 1210 3956 existentem
1244 3891 1388 3972 spectent
1410 3891 1442 3951 et

91 3977 301 4058 pertineant3
331 3979 449 4060 quique
469 3978 607 4046 vicatim
638 3981 684 4046 sic
707 3978 827 4046 electus
857 3980 953 4045 etiam
976 3985 1050 4044 ante
1071 3973 1338 4043 confirmationem
1360 3973 1444 4040 vica-

91 4061 200 4129 riatus
222 4065 401 4147 hujusmodi
432 4063 569 4132 officium
598 4065 699 4134 libere
728 4083 874 4133 exercere
903 4063 1017 4144 valeat,
1041 4082 1079 4131 ao
1107 4063 1225 4128 vicano
1248 4061 1442 4127 cismontano

92 4167 153 4231 70
176 4157 322 4236 tempore
345 4149 490 4216 existenti
521 4152 633 4234 subsit,
663 4157 776 4236 pareat
807 4157 840 4218 et
868 4152 1022 4235 intendat,
1046 4151 1135 4232 quus
1161 4149 1351 4216 auctoritate
1373 4165 1443 4230 pre·

122 4237 175 4303 .cti
199 4237 317 4304 fratrm
347 4237 463 4304 vicarie
492 4237 633 4321 ejusdem
662 4243 814 4321 regantur
844 4244 877 4304 et
909 4237 1143 4322 gubernantum
1167 4236 1313 4318 quodque
1336 4234 1364 4300 si
1386 4234 1441 4298 mi-

92 4343 94 4388 :
128 4330 199 4392 ster
220 4321 381 4412 generalis
403 4323 564 4408 predictum
586 4325 743 4408 prolatam
772 4325 949 4410 hujusmodi
979 4323 1175 4404 electionem,
1198 4329 1366 4406 postquam
1388 4319 1443 4388 illa

91 4433 94 4477 v
126 4411 157 4478 bi
192 4409 291 4479 fuerit
322 4416 517 4495 presentata,
549 4411 634 4480 iufra
664 4413 804 4480 triduum
834 4411 940 4478 lorsau
971 4411 1165 4478 recusaverit
1195 4417 1252 4476 aut
1282 4405 1443 4474 distulerit

93 4533 95 4554 ι
130 4496 295 4583 infirmare,
325 4499 412 4566 diota
434 4497 547 4565 electio
569 4518 607 4566 eo
629 4500 699 4584 ipso
720 4497 909 4568 auctoritato
932 4497 1104 4582 apostolica
1126 4497 1309 4563 confirmata
1337 4495 1380 4561 sit
1409 4499 1443 4558 et

93 4615 95 4642 ι
131 4603 169 4652 se
199 4590 385 4670 censeatur3
418 4603 456 4653 ac
484 4585 531 4653 sic
562 4585 595 4653 in
626 4585 779 4654 vicarium
810 4585 930 4653 electris
961 4587 1080 4668 absque
1109 4584 1172 4652 alia
1205 4581 1441 4650 confirmatione

93 4703 95 4728 ι
127 4672 237 4742 baiam
265 4673 438 4741 vicariatus
467 4673 647 4758 huiusmodi
681 4673 780 4742 libere
814 4679 846 4742 et
878 4671 966 4740 licite
998 4672 1104 4742 valeat
1136 4688 1298 4750 exercere3
1332 4666 1441 4736 confir-
