3406 5262
227 215 271 286 ,88

293 419 337 486 ut
358 421 548 488 barcaneum
571 439 611 490 ns
634 419 790 490 Voliuius.

296 509 340 574 Et
362 509 551 576 barcuneum
574 527 615 576 na
636 509 745 574 Norin.

296 597 340 662 Et
362 595 457 663 aliam
480 600 601 678 partem
623 595 808 676 Drinscoga.

187 685 188 688 ’
295 680 339 748 Et
360 683 552 767 provinciam
575 683 785 750 Vechenicum
807 701 907 766 usque
930 684 970 751 ad
985 682 1169 764 Narentam,
1196 700 1267 752 cum
1287 680 1433 750 omnibus
1447 681 1574 749 iuribus

229 775 264 924 gt
285 771 463 922 tlerrzturiis,
495 772 634 855 exceptis
663 771 795 856 iuribus,
827 789 888 854 quc
917 777 992 838 snut
1020 769 1147 838 illorum
1170 771 1210 838 de
1233 769 1430 838 Millatosich
1453 777 1488 836 et
1509 769 1575 836 Bu-

251 875 298 924 rsa
313 875 353 938 uc
376 909 383 923 .

229 1029 250 1098 b
295 944 453 1028 Oppidum
474 943 609 1012 Imoschi
631 963 701 1012 cum
724 944 884 1030 provincia
906 945 1008 1012 Imota
1030 949 1063 1012 et
1084 945 1227 1030 PosusiJ'e
1241 961 1313 1012 cum
1328 943 1475 1012 omnihus
1494 941 1575 1011 iuri·

251 1049 288 1098 us
312 1037 345 1097 et
367 1031 544 1099 territoriis.

293 1118 411 1185 Locum
434 1119 576 1185 Duarum
599 1137 670 1186 cum
693 1118 852 1201 provincia
873 1117 1037 1188 Radobilie
1060 1125 1092 1186 et
1115 1117 1307 1204 prouinciam
1322 1117 1477 1186 Podsusie
1499 1135 1575 1184 oum

229 1207 374 1272 omnibns
396 1205 519 1272 iuribus
541 1212 574 1273 et
596 1205 772 1273 territoriis.

293 1292 492 1360 Prouinciam
514 1293 669 1361 Rechitno
692 1311 764 1360 cum
786 1293 930 1362 omnihus
952 1293 1074 1362 iuribus
1096 1298 1129 1360 et
1150 1293 1329 1360 territoriis

293 1379 491 1448 Prouinciam
514 1381 670 1449 Drerniza
691 1399 762 1447 cum
784 1382 931 1448 omnibus
951 1381 1073 1448 iuribus
1095 1385 1128 1448 et
1149 1379 1328 1448 territoriis.

294 1465 453 1554 Oppidum
476 1487 517 1535 na
539 1467 667 1552 Poglich
690 1473 723 1535 et
744 1469 813 1552 ipsa
836 1467 957 1552 Poglia.

293 1555 491 1622 Prouinciam
514 1554 680 1622 Planinam
703 1574 774 1622 cum
796 1556 941 1623 omnibus
961 1555 1086 1623 iuribus
1108 1559 1140 1622 et
1162 1554 1341 1622 territoriis.

294 1643 468 1728 Regionem
491 1642 640 1710 Grainam
670 1663 689 1710 a
718 1643 859 1711 Narenta
887 1663 988 1726 usque
1010 1643 1050 1710 ad
1073 1641 1217 1711 Getinam
1251 1660 1323 1710 curn
1345 1640 1492 1708 omnihus
1516 1659 1574 1710 va·

228 1728 340 1798 luchiis
363 1729 570 1798 existentibus
591 1729 675 1796 inter
697 1729 868 1798 Narcntam
891 1736 923 1798 et
945 1729 1096 1798 Catinam.

293 1817 481 1884 Naumsoam
504 1817 664 1900 regionem
686 1836 757 1884 cum
780 1819 924 1885 omnihus
945 1819 1068 1885 iuribus
1090 1822 1122 1885 et
1144 1817 1324 1901 territoriis,
1347 1833 1419 1884 cum
1441 1813 1577 1882 confini·

228 1905 287 1972 bus
311 1909 343 1972 et
372 1904 463 1987 aquis
496 1909 529 1970 et
561 1905 721 1972 montibus
743 1909 776 1970 et
797 1904 941 1990 gabellis,
972 1905 1135 1972 barcensis
1157 1912 1190 1971 et
1211 1903 1372 1972 terraticis
1395 1904 1463 1985 jam
1486 1901 1577 1969 dioto

228 1991 394 2076 capitaneo
417 1991 563 2074 Georgio,
595 1992 702 2058 comiti
730 1992 891 2074 Vucichio,
923 2011 1030 2059 eorum
1053 1989 1127 2058 filiis
1148 1997 1183 2058 et
1205 1991 1342 2077 posteris
1368 1991 1519 2057 dedimus
1544 1995 1578 2056 et

228 2080 341 2145 damus
363 2077 474 2146 libenti
496 2097 625 2146 munere
648 2084 680 2145 et
703 2079 799 2147 alacri
821 2079 935 2162 animo,
958 2079 991 2146 in
1015 2079 1236 2160 patrimonium
1259 2082 1293 2146 in
1319 2075 1426 2145 meula
1448 2075 1577 2144 seculo-

227 2185 317 2245 rnm;
340 2184 398 2234 neo
420 2167 521 2249 possit
542 2167 627 2232 istud
646 2167 785 2250 peruerti
803 2183 861 2233 nec
876 2165 1030 2250 annulari,
1047 2186 1105 2234 nee
1121 2166 1241 2249 aliquid
1256 2167 1339 2245 addi,
1356 2184 1413 2231 neo
1432 2164 1578 2250 detrahi,

228 2253 330 2320 eidem
352 2254 518 2335 capitaneo
541 2253 686 2337 Georgio,
716 2255 823 2320 comiti
852 2253 1002 2321 Vuoichio
1025 2261 1058 2319 et
1081 2273 1189 2322 eorum
1212 2252 1288 2320 filiis
1310 2258 1343 2319 et
1365 2251 1515 2336 posteris,
1543 2257 1577 2319 et

228 2341 289 2407 hoc
311 2339 420 2423 aliqua
451 2342 491 2407 de
513 2358 608 2408 causa
637 2359 737 2424 neque
767 2339 833 2407 ullo
864 2343 956 2408 modo
979 2342 1150 2425 excogitari
1180 2341 1291 2424 possit,
1314 2357 1415 2421 neque
1438 2343 1579 2424 propter

230 2427 359 2510 aliquod
381 2429 666 2510 suprascriptorum
696 2427 855 2511 delictum,
888 2447 1051 2512 quousque
1074 2447 1135 2494 nou
1158 2427 1349 2495 incurrerint
1370 2427 1404 2493 in
1427 2425 1578 2494 futurum

230 2514 370 2597 aliquam
386 2513 607 2582 infidelitatem
618 2516 715 2582 iidem
727 2517 910 2599 capitaneus
922 2516 1087 2601 Georgius,
1100 2534 1204 2582 comes
1216 2514 1367 2595 Vuchich,
1384 2519 1417 2581 et
1429 2515 1579 2596 ipsorum

230 2601 289 2668 filii
313 2601 501 2686 Stephanus,
524 2601 650 2680 Paulus,
674 2603 831 2685 Nicolaus,
865 2601 1017 2679 Viatieus,
1042 2602 1115 2669 Vulr
1136 2601 1380 2670 Vuohiehievich
1402 2609 1436 2668 et
1462 2619 1578 2668 eorum

230 2689 360 2773 posteri,
385 2707 446 2770 que
469 2690 613 2772 cognosci
643 2689 759 2756 debeat
788 2689 957 2773 singarum,
989 2691 1132 2766 Bosnioa,
1163 2689 1316 2756 Venetiae
1348 2694 1380 2757 et
1401 2690 1580 2770 Rugusaua

231 2776 366 2862 iustitia,
388 2781 517 2859 propter
540 2795 634 2859 quam
650 2776 869 2844 infidelitatem
884 2777 1063 2845 huiusmodi
1078 2777 1202 2845 iustitia
1216 2780 1383 2858 cognoscet
1398 2795 1452 2843 eos
1468 2776 1579 2860 capite

230 2864 335 2946 puniri
358 2863 487 2946 dignos3
511 2864 621 2946 itaque
643 2883 705 2930 non
734 2865 856 2948 possint
878 2866 963 2932 intus
984 2883 1117 2948 regnum
1141 2869 1283 2932 nostrum
1305 2863 1512 2930 condemnari
1537 2863 1579 2929 ad

230 2949 367 3103 ffincula,
390 2968 493 3032 neque
515 2950 548 3016 in
571 2951 661 3018 bonis
683 2951 779 3018 iidem
793 2952 977 3035 capitaneus
992 2950 1157 3036 Georgius,
1173 2969 1279 3020 comes
1293 2950 1446 3034 Vuohich‚
1463 2968 1579 3018 eorum

265 3037 288 3102 ii
310 3041 343 3103 et
365 3039 493 3119 posteri.

295 3125 429 3208 Insuper
458 3129 587 3208 propter
616 3124 768 3192 maiorem
800 3143 875 3209 erga
905 3145 962 3192 nos
991 3127 1127 3210 gratiam
1158 3131 1190 3194 et
1223 3126 1345 3195 maiora
1377 3125 1580 3194 benemerita

231 3211 388 3278 dictorum
411 3211 567 3294 capitanei
590 3211 728 3296 Georgii,
752 3214 875 3280 comitis
897 3213 1071 3292 Vuohiehii,
1095 3231 1202 3280 eorum
1225 3212 1372 3295 filiorum,
1388 3232 1445 3279 nos
1462 3213 1580 3296 Ostoja

230 3317 287 3366 reu
310 3305 343 3364 et
365 3297 450 3365 iilius
472 3305 580 3366 noster
602 3299 788 3383 Stephanus,
811 3299 1031 3368 confirmamus
1052 3301 1116 3368 iam
1138 3301 1223 3368 dicto
1246 3301 1411 3384 capitaneo
1434 3299 1580 3385 Georgio

231 3392 264 3454 et
287 3387 396 3452 comiti
418 3386 601 3472 Vuohiehio,
633 3406 741 3454 eorum
771 3387 846 3456 filiis
869 3388 1068 3471 superstetis,
1092 3389 1198 3456 omnia
1219 3387 1387 3471 priuilegia
1408 3393 1524 3456 nostra
1547 3391 1581 3456 et

231 3475 492 3558 predecessomm
515 3479 703 3561 nostrorum,
727 3494 789 3558 que
818 3475 937 3543 habent
958 3495 978 3543 a
1000 3475 1237 3558 quibuscunque
1258 3477 1387 3558 regibus
1409 3479 1442 3542 et
1464 3481 1580 3560 puteu-

231 3561 352 3628 tatibus
374 3579 559 3644 quocunque
581 3563 674 3629 modo
697 3564 747 3628 uel
769 3581 884 3646 opere3
909 3567 941 3630 et
956 3563 1143 3646 quicumque
1160 3562 1255 3631 uellet
1269 3561 1486 3632 contradicere
1501 3562 1581 3632 huic

232 3653 340 3714 nostre
363 3649 565 3728 concessioni,
600 3648 772 3731 vuluntate,
805 3650 927 3716 iustitia
957 3650 1008 3716 vel
1037 3649 1154 3716 litteris
1184 3649 1235 3716 vel
1257 3649 1454 3734 aliquoqulio
1477 3668 1579 3734 opere

231 3735 412 3802 huiusmodi
435 3736 679 3804 contradicente.
702 3736 769 3802 Nos
791 3736 903 3820 Ostojs
923 3755 981 3803 rex
1003 3743 1036 3804 et
1057 3736 1141 3805 filius
1163 3744 1270 3804 noster
1292 3735 1472 3821 Stephanus
1487 3737 1579 3804 iura

232 3841 304 3890 mus
326 3827 359 3888 et
381 3823 564 3907 iuravimus,
587 3825 672 3906 quud
693 3825 906 3907 suprascripte
928 3825 1122 3891 concessioni
1148 3829 1180 3890 et
1203 3823 1377 3908 privilegiis
1399 3844 1440 3891 ne
1462 3825 1580 3908 utique

232 3911 386 3990 derogare
409 3909 563 3990 uolumus,
594 3929 652 3978 nec
681 3929 720 3978 ea
741 3912 774 3976 in
797 3911 904 3994 aliqua
926 3916 1016 3993 parte
1038 3913 1210 3994 abrogare;
1226 3917 1258 3978 et
1280 3911 1352 3978 ideo
1366 3911 1579 3980 iureiurando

99 4025 101 4030 ·
232 3998 405 4064 iuravimus
428 4016 484 4078 per
505 3997 608 4062 Deum
632 3998 789 4064 virentem
812 4002 844 4064 et
865 3999 933 4064 eius
955 3999 1140 4081 genitricem
1156 3999 1303 4070 Mariam
1325 3999 1490 4082 uirginem,
1518 4019 1580 4082 per

233 4090 368 4166 quatuor
391 4081 612 4166 evangelistas,
643 4085 805 4151 duodecim
835 4085 1004 4169 apostolos,
1036 4087 1245 4169 quadraginta
1268 4085 1385 4154 electos
1408 4091 1441 4152 et
1462 4103 1579 4154 omues

232 4169 455 4254 beneplacitos,
479 4171 564 4253 quod
585 4190 643 4237 nos
664 4191 721 4237 rex
743 4171 854 4255 Ostoja
876 4176 908 4237 et
930 4178 1037 4238 noster
1058 4173 1142 4240 filius
1170 4173 1359 4257 Stephanus,
1382 4171 1434 4242 rel
1456 4173 1579 4256 aliquis

233 4261 413 4324 nostrorum
434 4264 633 4341 posterorum
662 4277 724 4324 uon
753 4259 1023 4326 contraveniemus
1052 4261 1112 4342 his,
1143 4279 1205 4343 que
1234 4279 1330 4343 supra
1360 4260 1579 4328 memmimus

234 4345 351 4410 eisdem
375 4348 539 4427 capitaneo
562 4345 709 4427 Georgio,
733 4345 838 4411 comiti
861 4346 1044 4426 Vuohiehio‚
1067 4365 1174 4414 eorum
1197 4347 1271 4414 filiis
1292 4353 1326 4415 et
1340 4348 1487 4431 posteris,
1505 4347 1577 4415 ulla

234 4431 311 4496 data
332 4449 428 4512 opera
449 4432 509 4498 nisi
533 4438 661 4514 propter
677 4430 904 4512 infidelitatem,
922 4441 1015 4516 prout
1029 4434 1181 4513 diximus3
1198 4435 1339 4517 alioquin
1354 4434 1579 4504 maledicimur

236 4517 473 4583 assuetissima
496 4517 652 4584 Trinitate
676 4524 708 4585 et
730 4520 770 4586 ab
792 4520 936 4587 omnibus
957 4522 1074 4589 sanctis
1096 4522 1328 4606 suprascriptis,
1353 4528 1386 4590 et
1409 4523 1494 4606 quod
1518 4523 1575 4591 eh·

235 4603 375 4671 iuremur
397 4603 465 4670 Deo
487 4603 590 4689 iidem,
614 4606 768 4675 iustitiam
791 4613 823 4675 et
844 4606 992 4690 angelum
1015 4609 1074 4676 Dei
1096 4610 1129 4677 in
1151 4611 1204 4680 die
1226 4609 1359 4680 exhemi
1380 4609 1490 4698 iudicii
1502 4611 1577 4677 Dei.
