3406 5262
231 311 291 372 124

228 519 261 582 et
275 515 392 584 futuris
414 535 452 584 ac
474 517 691 602 superioribus
713 517 913 604 supradictis,
935 537 976 586 ne
997 523 1107 585 corna
1129 522 1271 586 tenorem
1293 521 1326 584 et
1344 516 1482 584 formam
1504 533 1574 599 pre

227 603 366 670 sentium
388 609 444 671 aut
465 605 679 687 predictarum
703 605 882 672 litterarum
898 605 1066 689 quicquam
1081 610 1272 689 attemptare
1286 611 1343 673 aut
1357 605 1443 686 ipsos
1457 603 1574 670 tratres

227 709 322 774 super
344 691 409 757 illis
431 691 599 758 molestare
622 711 678 758 seu
700 692 771 759 loca
794 693 936 774 predicta
958 712 1015 776 per
1037 711 1090 760 ecs
1109 693 1260 759 hactenus
1274 697 1403 774 recepta
1418 707 1575 774 usurpare

228 779 450 858 quovismodo
474 779 612 846 audeant
635 779 685 845 vel
710 785 903 863 presumant.
926 779 997 845 Non
1020 779 1219 846 obstantibus
1241 777 1520 846 constitutionibus
1542 782 1576 843 et
1689 829 1690 836 ,

226 865 476 932 ordinationibus
499 865 680 948 apostolicis
702 885 739 932 ac
757 867 886 934 statutis
908 871 941 934 et
963 866 1242 933 consuetudinibus
1258 865 1334 932 dicti
1350 865 1472 932 ordinis
1488 863 1573 930 iura·
1688 941 1690 954 .

226 956 334 1016 mento
369 951 604 1019 confirmatione
634 954 806 1036 apostolica
834 953 885 1020 vel
916 971 1112 1036 quacumque
1143 953 1293 1021 firmitate
1326 951 1391 1020 alia
1412 951 1574 1018 roboratis
1688 959 1690 1034 j

171 1044 173 1048 ’
227 1039 402 1120 ceterisque
425 1041 591 1106 contrariis
615 1040 872 1124 quibuscumque.
897 1039 983 1106 Nulli
1008 1059 1084 1123 ergo
1107 1046 1166 1106 etc.
1688 1037 1690 1132 l

291 1125 410 1192 Datum
432 1126 532 1193 Rome
554 1129 637 1210 apud
659 1145 685 1194 s.
708 1125 868 1210 apostolos
890 1152 910 1194 v
932 1126 1084 1194 kalendas
1098 1125 1235 1210 Augusti
1251 1124 1456 1208 pontificatus
1471 1123 1573 1192 noemi

227 1229 310 1278 anno
332 1218 451 1280 octavo.

281 1315 381 1370 Annal.
399 1315 511 1370 Boanae
530 1333 556 1388 p.
576 1316 634 1372 130.
657 1317 710 1372 acri
731 1317 751 1372 ti
775 1333 793 1370 a
810 1317 841 1372 P.
865 1315 1016 1372 Vincentio
1040 1315 1130 1372 Blaho
1154 1315 1214 1372 ord.
1232 1331 1254 1371 a.
1275 1315 1374 1371 F'ruue
1392 1313 1518 1386 provinc
1537 1329 1575 1368 ss.

227 1383 379 1440 Salvatoris
398 1385 584 1457 Ohrouclogo.
602 1387 672 1442 Mas.
690 1393 719 1441 ta
740 1386 819 1442 ularii
838 1387 959 1457 provinc.
978 1385 1103 1442 eiusdem
1119 1387 1148 1440 iu
1166 1391 1305 1444 conventu
1326 1384 1539 1456 Gybngycsiea

595 1543 733 1612 DOLXI.
759 1542 852 1629 1425,
876 1543 916 1614 27
940 1541 1200 1626 ι11111111111111.

292 1666 450 1733 Martinus
472 1666 535 1731 PP.
558 1666 595 1732 V.
620 1666 776 1734 consentit
798 1666 1000 1751 sigismundo
1021 1665 1205 1748 Hungariae
1223 1663 1303 1748 regi,
1330 1681 1447 1748 „prope
1470 1659 1576 1747 capel·
1689 1677 1690 1736 4

228 1753 293 1820 lam
315 1754 384 1819 sine
406 1773 483 1821 cura
514 1772 539 1818 s.
563 1752 692 1838 Georgii
715 1755 957 1836 ricegradensis
988 1753 1172 1837 strigonien.
1201 1751 1355 1819 diocesis“
1381 1755 1577 1817 conventum
1689 1783 1690 1798 .

228 1839 380 1907 fratribus
403 1841 577 1907 minoribus
599 1840 723 1908 Bosnae
745 1840 959 1928 aedificaturo,
982 1842 1171 1923 ordinatque
1196 1839 1300 1922 „quod
1321 1837 1522 1921 guardianus
1545 1841 1578 1902 et

167 1991 172 2000 ,
228 1927 283 2007 qui
306 1928 339 1992 in
361 1927 446 1994 dicta
468 1929 560 1993 domo
583 1928 700 2010 degent
721 1926 837 1994 fratres
854 1978 886 1994 ..
910 1931 1052 2011 regulam
1083 1928 1171 1994 iuxta
1197 1924 1429 1993 declarationes
1452 1929 1486 1990 et
1509 1929 1578 1990 tra·
1689 1963 1690 1966 =

143 2071 148 2083 .
229 2013 366 2079 ditiones
388 2013 579 2098 apostolicas
601 2015 641 2080 ad
662 2013 789 2081 literam
806 2066 814 2081 .
832 2065 863 2083 ..
888 2016 1056 2082 observare
1075 2019 1241 2082 teneantur
1258 2063 1291 2079 ..
1314 2017 1347 2079 et
1364 2059 1396 2076 ..
1420 2010 1528 2078 solum
1545 2058 1578 2076 ..
1689 2045 1690 2048 ¹

228 2101 371 2184 generali
386 2101 550 2167 ministro.
568 2150 575 2166 .
592 2105 648 2166 aut
662 2101 730 2168 eius
745 2103 778 2168 in
794 2102 955 2185 provincia
969 2103 1073 2168 Boane
1092 2100 1211 2168 vicario
1225 2099 1356 2166 subesse
1378 2094 1577 2165 debeant..“

295 2186 373 2252 Cum
397 2187 586 2254 secularium
607 2188 847 2272 principum...
871 2189 945 2257 Dat.
969 2189 1069 2256 Rome
1093 2187 1178 2271 apud
1205 2205 1246 2254 ss.
1270 2183 1432 2270 apostolos
1454 2209 1485 2253 v.
1511 2183 1578 2251 ital.
1689 2247 1690 2250 ,

229 2273 308 2340 tulii
330 2293 380 2342 an.
402 2299 467 2342 vm.

293 2377 425 2446 original.
443 2378 471 2431 in
489 2377 606 2432 tabular.
631 2377 789 2448 provinciae
813 2377 888 2433 fratr.
913 2378 1010 2434 minor.
1036 2394 1073 2432 ss.
1092 2376 1245 2434 salvatoris
1263 2373 1429 2446 Hungariae
1447 2373 1477 2430 in
1497 2389 1580 2431 conv.

229 2445 390 2517 Gysngyoa.
413 2447 564 2516 117αό111119.-
585 2447 686 2502 Annal.
704 2449 802 2504 minor.
820 2453 887 2504 tom.
905 2448 943 2504 X.
962 2465 989 2518 p.
1003 2448 1070 2504 1384.

564 2603 718 2672 ncnxss.
746 2602 837 2688 1425,
860 2603 879 2672 9
902 2603 1052 2690 Augusti,
1078 2602 1234 2674 venetiis.

295 2725 426 2793 Nunciis
449 2725 566 2793 Sandal
596 2727 746 2808 vojvodae
776 2727 816 2792 ad
840 2733 983 2808 porrecta
1018 2726 1157 2808 capitula
1186 2725 1413 2810 respondetur:
1436 2727 1583 2807 aguntur

228 2813 352 2894 gratiae
373 2813 413 2879 de
435 2813 560 2896 noticia,
585 2814 667 2878 inter
688 2831 779 2893 reges
801 2812 984 2896 Hungariae
1006 2818 1038 2880 et
1060 2813 1212 2880 Bossinac
1234 2829 1346 2896 pacem
1368 2811 1485 2880 initam
1507 2829 1582 2877 ease

228 2933 271 2946 -
294 2899 379 2965 circa
401 2899 641 2981 acquisitionem
666 2899 843 2977 provinciae
865 2899 1033 2982 policensis
1055 2903 1087 2966 et
1102 2899 1277 2966 salinarum
1298 2898 1424 2964 comitis
1438 2898 1581 2964 Joanuia

230 2985 269 3050 de
293 2985 405 3052 Catina
426 2985 508 3051 velle
530 3004 565 3051 se
587 2985 757 3052 informare
791 3007 827 3064 „a
850 2987 1026 3052 rectoribus
1057 2987 1192 3054 nostris“
1218 3021 1262 3034 -
1295 2983 1427 3064 „utilius
1450 2983 1525 3050 fieri
1550 2991 1584 3051 et

230 3073 389 3138 securius“
415 3090 472 3154 pro
494 3071 621 3146 sundal,
652 3073 703 3152 qui
737 3073 829 3153 petiit
865 3072 1040 3156 „provideri
1071 3091 1141 3139 cum
1171 3071 1364 3156 Mustspha⁸
1393 3070 1581 3160 privilegio,

230 3177 293 3240 quo
315 3156 539 3224 confirmentur
565 3156 715 3238 „confinia
745 3159 794 3224 sui
824 3157 946 3241 paisii“,
975 3165 1012 3225 ut
1033 3161 1259 3242 adexpectetur
1305 3159 1464 3240 „qualiter
1494 3157 1584 3226 iacta

230 3245 306 3310 dicti
329 3245 465 3311 Mustafe
491 3244 676 3311 succedent“
709 3281 752 3291 —
773 3245 999 3328 iniungendum
1029 3245 1098 3313 lora
1120 3247 1229 3312 comiti
1253 3211 1453 3324 &atbarensi
1479 3251 1520 3310 ut
1542 3245 1584 3313 de

230 3331 367 3397 cintatis
390 3331 570 3397 introitibus
592 3331 743 3414 vcjvodae
767 3331 883 3398 Sandal
907 3337 970 3398 600
986 3333 1116 3400 ducatos
1132 3333 1268 3416 pendat;
1291 3333 1337 3398 ita
1357 3331 1457 3398 etiam
1474 3338 1583 3400 recto

230 3417 318 3484 ribus
340 3415 528 3499 Dalmatiae,
551 3423 587 3484 ut
608 3418 708 3502 ipsios
730 3418 928 3485 adversarios
950 3437 988 3485 ex
1010 3420 1155 3486 omnibus
1188 3419 1371 3487 ciuitatibus
1403 3419 1583 3502 expellant.

294 3518 405 3587 Mulie:
423 3517 529 3574 Listine
546 3519 599 3586 IX,
617 3520 695 3576 4-6.

545 3675 713 3743 DOLXIII.
747 3675 838 3758 1125,
862 3677 904 3746 20
926 3676 1080 3764 Octobris,
1103 3678 1257 3766 nagosn.

298 3793 472 3862 Commune
494 3797 678 3878 ragusinum
700 3799 768 3880 regi
790 3795 1000 3881 sigismundo,
1025 3800 1066 3866 ad
1088 3799 1157 3868 eius
1179 3800 1305 3868 litteras
1322 3806 1361 3868 25
1380 3799 1587 3885 Septembris

231 3881 341 3948 Budae
363 3884 463 3962 datas,
486 3884 633 3964 exprimit
655 3885 804 3964 gaudium
826 3883 986 3952 intellecto
1008 3905 1055 3966 eo,
1083 3887 1239 3968 ,qualiter
1260 3889 1346 3956 inter
1369 3888 1588 3955 serenitatem

113 4011 115 4016 ,
231 3975 369 4035 uestram
393 3975 425 4034 et
448 3965 603 4035 illustrem
626 3971 655 4035 d.
679 3989 787 4052 regem
817 3969 930 4053 Bosne‚
965 3973 1177 4040 mediantibus
1199 3974 1361 4058 aliquibus
1383 3975 1588 4043 ambasiato

231 4055 339 4136 ribus,
370 4073 431 4118 non
469 4073 566 4136 parve
595 4057 797 4140 importantie
830 4058 959 4124 tractati
991 4059 1167 4142 existunt“;
1202 4081 1266 4145 qua
1299 4061 1468 4130 occasione
1505 4061 1589 4130 velit

232 4141 327 4208 ctiam
352 4139 484 4222 Ragusii
506 4160 626 4206 memor
648 4161 725 4208 esse.

297 4241 417 4296 Getdcb:
435 4241 676 4312 Diplomatarium,
695 4261 722 4314 p.
743 4244 889 4300 ecs-312.

583 4381 749 4456 DOLXIV.
777 4383 869 4467 1426,
892 4384 932 4454 23
956 4386 1059 4470 lunii,
1083 4387 1217 4459 11111111.

298 4500 411 4567 (lomes
431 4501 582 4569 Nicoleus
603 4503 741 4586 Jorjcvic
761 4505 860 4571 mittit
882 4506 1056 4590 Ragusium
1077 4527 1170 4577 suum
1184 4509 1326 4594 legatum
1341 4506 1490 4579 Vlkosau
1509 4511 1588 4578 Mir-

232 4587 326 4652 kovit
347 4606 419 4654 com
440 4587 534 4672 plena
556 4595 724 4672 potestate.

297 4687 395 4744 Parit:
414 4691 582 4757 cucusum
599 4693 709 4761 optim,
727 4689 767 4760 11,
786 4691 828 4748 83.
