3406 5262
245 291 286 352 78

243 494 344 562 banus
369 493 509 561 loannes
545 500 700 572 ,castrum
731 492 905 576 principale
933 493 1034 578 ipsius
1057 494 1142 578 regis
1165 493 1326 577 Orthoyac
1347 488 1489 558 Babulcb
1516 487 1587 573 (Βο-
1683 505 1685 588 l

244 581 356 664 bovae)
381 587 537 660 vocatum,
561 582 614 648 ubi
638 599 754 647 corona
783 581 883 664 ipsius
914 583 1004 665 regni
1027 582 1151 650 Boznce
1177 583 1379 648 conservatur
1400 583 1434 644 et
1460 595 1587 644 consors
1683 625 1685 644 .

245 669 331 753 regis
351 668 511 752 Oztboyae
533 686 604 736 cum
626 667 735 734 liberis
757 669 925 748 residebat,
950 670 1118 750 obtinuit“,
1139 669 1223 750 quod
1237 689 1257 737 a
1271 667 1394 736 duobus
1409 665 1499 733 annis
1516 663 1588 730 reti-
1683 699 1685 742 ,

246 763 340 823 netur
360 756 393 822 iu
417 755 561 823 manibus
582 755 666 838 regis
690 753 892 838 sigismundi.
1684 753 1685 770 ¹

310 877 406 944 00·οι
426 875 495 932 ooo.
513 875 580 946 nrpr.
598 874 635 943 x,
653 874 671 929 4
688 892 716 946 p.
734 876 794 932 ees.

519 1049 710 1118 ccccxlii.
737 1049 830 1135 1405,
856 1049 894 1120 13
918 1049 1127 1140 Septembris,
1151 1050 1308 1122 Vcnctlls.
1684 1119 1685 1146 ὲ

312 1172 499 1242 Oratoribus
521 1173 607 1256 regis
632 1172 802 1255 ,Bossine“
827 1178 860 1241 et
882 1174 1044 1258 Chersoye
1074 1175 1113 1243 ad
1145 1173 1382 1257 requisitionem
1408 1173 1467 1250 ,de
1494 1168 1589 1236 factis

248 1259 375 1328 Getari“
393 1260 612 1343 respondetur,
635 1260 719 1343 quod
741 1261 919 1344 respublica
940 1281 975 1329 se
1001 1263 1035 1327 in
1058 1263 1172 1330 haecce
1194 1261 1371 1328 immiscere
1397 1257 1494 1340 nolit,
1517 1255 1588 1324 loca
1684 1259 1685 1320 3

245 1366 325 1468 serp
341 1347 509 1434 Dulcigno,
541 1347 687 1462 Buduam
712 1352 745 1414 et
774 1347 919 1416 Antisari
947 1367 982 1416 so
1004 1353 1156 1432 tanquam
1189 1350 1287 1430 „bene
1309 1367 1347 1416 ac
1368 1347 1452 1414 iuste
1482 1343 1589 1428 acqui-
1684 1375 1685 1386 κ

245 1441 487 1590 SltaIumszirruetu
517 1521 568 1588 die
598 1528 636 1591 18
664 1541 691 1588 0.
724 1540 765 1589 m.
795 1519 953 1592 celebrato
984 1522 1145 1607 eliguntur
1177 1523 1309 1591 comites
1339 1540 1397 1605 pro
1419 1518 1588 1604 Dulcigno,
1684 1469 1685 1516 ἶ

245 1608 399 1696 Antinum,
422 1609 571 1678 Dmvasto
594 1613 627 1676 et
648 1610 770 1678 Budua.

311 1712 426 1781 thebs't:
444 1712 558 1780 Listine,
576 1711 612 1780 V,
631 1712 725 1768 63-4.

510 1887 717 1954 ccccxxii.
745 1886 837 1970 1405,
861 1889 903 1959 22
926 1888 1135 1978 Septembris,
1159 1887 1310 1976 Ragusil.

311 2007 434 2092 Comes,
457 2009 578 2078 nobiles
601 2015 634 2078 et
656 2016 757 2080 totum
788 2029 951 2080 commune
973 2013 1104 2098 Ragusii
1127 2013 1324 2096 Stephanum
1348 2009 1471 2076 Trrtlro
1495 2007 1590 2074 uvrt-
1684 2077 1685 2080 ,

247 2097 347 2179 lone,
371 2115 478 2181 regem
499 2097 633 2180 Bosnae,
657 2118 733 2182 pace
755 2101 937 2184 composita,
960 2101 1044 2167 inter
1066 2099 1187 2168 mobiles
1202 2103 1235 2166 et
1250 2103 1414 2166 senatores
1429 2099 1591 2180 coeptant,

245 2182 576 2356 fflrffiopjsedaltgulmntin
603 2186 689 2269 urbe,
722 2189 806 2269 quod
835 2189 923 2272 prius
952 2188 1056 2257 fuerat
1077 2188 1163 2272 regis
1186 2187 1327 2269 Ostojae,
1357 2190 1390 2252 et
1412 2189 1536 2252 terram
1559 2182 1591 2248 in

309 2376 359 2430 Dr.
377 2375 428 2430 m.
446 2374 587 2432 5111010110.-
606 2377 731 2433 Menum.
750 2377 863 2446 serbica,
884 2395 910 2449 p.
929 2379 989 2435 260.

552 2550 771 2619 000011ΧΠΙ.
800 2551 892 2641 1405,
916 2553 935 2623 5
959 2553 1114 2636 llctobrls,
1138 2551 1287 2640 Ragnsll.

312 2675 428 2741 Rectcr
458 2678 516 2740 etc.
538 2677 662 2757 tupano
690 2674 799 2743 Toliia
827 2677 945 2760 scripto
975 2676 1154 2759 enunciant,
1176 2673 1351 2759 Ragusium
1381 2692 1452 2742 esse
1480 2675 1597 2741 urbem

247 2760 389 2840 liberam,
412 2761 444 2827 in
468 2779 564 2845 quam
586 2761 691 2828 aditus
713 2763 826 2845 cuique
848 2770 951 2849 patet;
974 2765 1058 2832 unde
1080 2763 1180 2832 libere
1195 2764 1304 2830 venire
1318 2762 1446 2846 poterit,
1463 2761 1493 2829 si
1512 2779 1596 2828 com-

247 2847 421 2932 pelleretur
444 2849 584 2916 exercitu
605 2849 788 2933 hungarico.

312 2969 411 3026 Piscid:
430 2968 598 3036 cromam
616 2973 726 3039 opocen,
745 2987 771 3042 p.
790 2971 832 3026 65.
876 2955 879 2962 ’

540 3147 760 3216 cedomi.
786 3145 878 3234 1405,
905 3146 943 3217 15
966 3145 1122 3231 00401010,
1145 3145 1294 3232 bagnoli.

313 3269 430 3336 Rector
452 3275 511 3336 etc.
535 3270 663 3357 Hrvojo,
687 3271 758 3339 duci
781 3269 912 3354 Spoleti,
937 3270 1070 3339 candide
1085 3270 1241 3354 aperiunt,
1264 3266 1495 3352 rempublicam
1512 3265 1595 3334 nihil

247 3356 432 3424 inimicitiae
452 3357 486 3422 in
509 3359 644 3425 eundem
666 3359 779 3426 ducem
801 3363 833 3425 04
854 3357 1055 3428 Dalmatinos
1078 3355 1237 3425 meditari.

311 3459 410 3516 Pucs'd:
429 3463 596 3526 0000000000
615 3463 729 3531 006000,
749 3480 775 3534 p.
794 3462 836 3517 66.

554 3634 754 3704 ccccxliv.
781 3635 875 3722 1405,
898 3634 937 3706 21
963 3634 1117 3718 latebris,
1141 3633 1290 3721 Regusll.

313 3759 430 3825 Rector
462 3764 520 3825 etc.
552 3757 671 3827 Tvrtlro
701 3759 882 3840 Tvrtlrorid,
918 3759 985 3841 regi
1016 3757 1149 3843 Bosnae,
1181 3755 1368 3840 supplicant,
1400 3760 1437 3822 ut
1470 3773 1600 3822 meroes

248 3846 426 3929 ragusinus,
449 3865 487 3912 er
509 3847 582 3912 nari
611 3855 725 3914 veneta
753 3847 785 3912 01
808 3845 930 3914 ablatas
953 3852 985 3912 et
1013 3845 1146 3913 ladrum
1169 3848 1323 3930 portatas,
1346 3843 1474 3912 restitui
1497 3849 1600 3927 curet,

249 3951 347 4016 quom
368 3933 543 4014 Regusium
566 3932 671 4000 100004
692 3952 802 4018 pacem
824 3953 894 4000 oum
917 3933 1031 4002 Boane.

313 4020 435 4086 Eodem
457 4039 538 4086 anno
562 4025 594 4086 04
615 4021 667 4086 110
689 4023 723 4087 10
745 4023 879 4088 eundem
901 4022 1028 4088 modum
1050 4019 1146 4087 eliam
1167 4018 1285 4103 Hrvoje
1307 4017 1389 4098 duci,
1413 4020 1447 4084 et
1462 4015 1599 4100 Sandali
1684 4059 1685 4062 =

250 4107 421 4190 roiavodae
442 4107 595 4191 scriptum
618 4113 675 4174 est.
910 4129 913 4138 ’

312 4209 410 4266 Md:
429 4212 598 4277 Omouermpm
616 4212 727 4280 cp6crcm‚
746 4228 773 4282 p.
792 4212 833 4280 66,
853 4212 894 4276 67,
913 4213 955 4267 69.

512 4396 517 4407 ·
544 4384 768 4453 ccccxliii.
795 4385 886 4471 1405,
911 4387 952 4456 22
975 4383 1127 4468 00000010,
1150 4382 1299 4470 Rugusll.

315 4509 432 4574 Rector
459 4515 518 4576 etc.
551 4509 657 4575 comiti
688 4508 798 4590 Paulo,
829 4509 913 4592 quod
943 4509 1115 4593 Ragusium
1147 4509 1254 4574 venire
1286 4511 1319 4572 et
1340 4505 1460 4573 ibidem
1488 4503 1599 4574 libere

252 4597 440 4663 commorari
461 4597 570 4681 possit,
594 4595 752 4664 nunciant.

315 4697 415 4754 Prodici:
433 4701 602 4765 0000000000
621 4703 732 4768 cpocrrrr,
751 4718 779 4772 p.
797 4700 840 4755 69.
