3394 5266
560 397 732 467 suumn.
759 397 853 487 rear,
875 400 917 468 ee
940 397 1027 482 narr,
1050 397 1227 470 avanano.

285 518 479 589 Benedictus
501 520 562 587 ΡΡ.
587 521 659 588 XII.
693 520 892 602 ,Budislavu
923 521 1078 604 Gregorio
1101 525 1134 587 et
1156 518 1255 586 Paulo
1278 513 1468 584 comitibus“
1494 513 1573 580 Gon

219 607 334 674 bariae
368 614 405 674 ut
426 607 607 674 haereticae
635 607 802 690 pravitatis
831 607 1071 689 inquisitoribus
1100 611 1210 674 contra
1238 603 1430 691 „Stipotium
1452 602 1572 669 bunum

221 657 359 778 Bomoi,
382 694 615 761 haereticorum
636 699 857 778 protectorem,
880 694 1037 761 assistam.

286 779 408 846 Infesta
430 779 525 846 nimis
541 801 548 816 ·
566 828 599 845 ..
624 781 697 846 Dat.
721 778 877 846 Avinione
897 805 938 846 n.
961 779 1025 848 kal.
1047 777 1144 861 Junii,
1168 797 1219 845 an.
1246 801 1293 843 111.

274 880 319 936 Ex
336 897 393 952 reg.
412 881 480 952 orig.
500 897 544 937 au.
562 880 617 949 111,
638 897 706 937 secr.
724 897 768 952 ep.
787 881 846 937 123.

288 994 325 1060 In
349 995 483 1062 eundem
506 997 635 1062 modurn
679 997 804 1079 Duymo
827 1001 859 1062 et
881 994 1123 1062 Bartholomaeo
1138 993 1290 1061 iratribus
1313 989 1450 1074 Segnis,
1473 988 1575 1057 Male

221 1079 306 1162 dino,
329 1080 429 1147 Paulo
443 1087 477 1149 et
497 1081 634 1166 Georgia
660 1048 817 1149 ¹iratribus
836 1083 1003 1148 comitibus
1019 1080 1133 1160 Clisie;
1155 1077 1256 1145 Paulo
1278 1077 1388 1144 comiti
1402 1076 1574 1143 Esteruica

221 1165 427 1336 ξῖἕξίιιιίω),
451 1168 658 1235 Constantino
680 1167 787 1235 comiti
810 1167 900 1236 Cluci
921 1175 955 1234 et
969 1165 1109 1250 Neliptio
1125 1165 1232 1234 comiti
1248 1163 1423 1232 Timemir.
1440 1164 1520 1230 Dat.
1537 1166 1575 1229 nt

287 1363 332 1420 Ex
349 1379 407 1436 reg.
425 1364 494 1436 orig.
512 1379 558 1422 an.
575 1363 630 1434 m,
650 1369 746 1422 secret
764 1381 808 1436 ep.
827 1365 887 1422 124.
910 1364 1044 1420 Theisoa:
1069 1363 1195 1419 Monam.
1219 1361 1318 1432 Huug.
1335 1364 1404 1418 tom.
1421 1359 1447 1428 1,
1466 1376 1494 1431 p.
1513 1358 1575 1414 611

511 1544 681 1613 OXXXIV.
708 1545 801 1625 13411,
824 1545 867 1616 28
888 1545 1074 1628 Februarii,
1097 1543 1275 1616 iventone.

287 1667 479 1736 Benedictus
501 1668 564 1737 ΡΡ.
598 1668 672 1735 XII.
702 1669 795 1736 fratri
826 1669 968 1736 Gerardo
998 1668 1142 1735 ministro
1165 1663 1308 1749 generali
1329 1665 1397 1732 ord.
1422 1683 1448 1730 s.
1473 1662 1578 1729 Fren-

221 1753 308 1834 cisci,
332 1755 365 1820 in
387 1755 554 1837 Hungaria
583 1755 686 1823 adhuc
717 1755 932 1835 commoranti,
955 1759 991 1821 ut
1012 1753 1136 1821 litterar
1159 1754 1192 1819 in
1215 1751 1344 1836 negotio
1366 1749 1579 1833 extirpandae

219 1841 367 1908 haeresis
388 1841 555 1908 bosnensis
584 1841 623 1908 ir.
654 1843 760 1921 Petro,
790 1842 988 1926 procuratori
1016 1839 1160 1925 generali
1181 1841 1339 1906 minorum
1362 1837 1579 1919 consignatas,
1696 1906 1697 1911 ,

219 1927 304 1996 bano
327 1927 451 1994 Bosnae
473 1931 507 1993 et
528 1928 599 2010 regi
620 1927 805 2010 Hungariae
827 1929 942 1995 tradat.

287 2031 527 2115 Recepimus..
550 2032 625 2098 Dat.
648 2030 804 2098 drinione
825 2057 850 2096 n
871 2030 934 2098 kal.
958 2031 1069 2098 Martii
1096 2050 1146 2098 an.
1169 2053 1214 2096 vr.

289 2140 335 2195 Ex
352 2156 409 2211 reg.
428 2141 498 2210 orig.
516 2158 560 2196 au.
584 2141 637 2209 VI,
661 2157 729 2198 secr.
748 2157 793 2213 ep.
810 2143 852 2198 32.
876 2141 1028 2212 Wodcts'op:
1053 2141 1154 2196 Annei.
1172 2140 1271 2196 minor.
1293 2143 1361 2194 tom.
1380 2135 1449 2206 VII,
1468 2154 1497 2209 p.
1515 2137 1580 2192 231.

226 2209 360 2268 Thetaer:
378 2210 505 2268 Menum.
523 2209 622 2282 Hung.
639 2215 709 2267 tom.
727 2211 752 2284 1,
769 2229 797 2282 p.
815 2211 874 2268 633

522 2391 676 2460 CXXXV.
703 2391 796 2474 1341,
821 2392 862 2462 28
885 2389 1071 2476 Februurh,
1094 2390 1272 2461 doemone.

291 2511 483 2580 &cedimus
499 2513 561 2579 ΡΡ.
577 2513 649 2579 XII.
668 2513 783 2580 Oarolo
798 2514 867 2597 regi
882 2513 1073 2598 Hungan’ae,
1085 2517 1122 2580 ut
1137 2511 1306 2596 Stephano,
1319 2512 1404 2579 bano
1415 2509 1581 2596 bosnensi,

225 2599 498 2754 ffimffirisstmtodis
520 2603 553 2666 et
575 2598 701 2667 auxiliis
724 2602 765 2667 ud
786 2601 961 2668 haereticos
984 2599 1186 2682 extirpandos
1201 2604 1234 2666 et
1253 2597 1406 2668 eeclesias
1429 2603 1583 2666 extmen·

291 2787 451 2872 Nuper..
474 2789 550 2856 Dat.
572 2787 727 2856 Arinioue
749 2810 780 2854 u.
804 2787 869 2857 kal.
892 2788 1000 2856 Martii
1021 2808 1071 2856 an.
1096 2813 1135 2856 or.

290 2898 367 2954 Exr
404 2898 498 2969 ‚erip
517 2915 561 2955 an.
585 2897 637 2966 VI,
661 2915 727 2955 secr.
752 2915 796 2970 ep.
820 2900 862 2954 31.
890 2899 1041 2970 Woddinp:
1060 2898 1160 2955 Annei
1178 2899 1276 2955 minor.
1295 2904 1362 2956 tom
1381 2897 1451 2968 VII,
1470 2916 1499 2972 p.
1518 2900 1582 2956 231.
1621 2873 1623 2878 ⁵

227 2967 365 3025 Tidner:
414 2984 510 3025 ouum.
528 2967 626 3040 Hung.
643 2973 711 3024 com
729 2969 753 3037 Ι,
772 2985 799 3040 p.
823 2967 882 3024 632.

523 3131 692 3200 cxxxvi.
718 3131 813 3216 1340,
836 3133 878 3203 28
900 3132 1083 3216 Februarii,
1106 3133 1283 3204 iventone.

292 3252 485 3321 Benedictus
506 3253 568 3321 ΡΡ.
592 3253 666 3321 XII.
690 3255 801 3324 laudat
823 3254 974 3338 Stephani
994 3256 1068 3323 bani
1083 3257 1246 3324 bosnensis
1260 3257 1471 3342 propositum,
1496 3259 1585 3340 quod

226 3339 268 3408 de
290 3339 460 3408 haereticis
483 3341 693 3425 exstirpandis
716 3347 912 3424 conceperat,
935 3343 1151 3426 hortaturque,
1174 3349 1210 3410 ut
1231 3344 1379 3413 idatium
1395 3351 1585 3428 exequatur,

227 3427 279 3494 cui
302 3432 335 3493 et
357 3427 426 3511 ipse
449 3427 567 3494 auxilio
589 3447 625 3494 se
647 3426 821 3495 affuturum
843 3447 912 3494 esse
934 3429 1098 3510 promittit.

292 3531 343 3597 Ex
363 3529 519 3598 relatione
536 3581 566 3598 ..
590 3532 664 3600 Dat.
687 3531 841 3599 Arinione
862 3557 895 3597 11.
919 3531 983 3599 irai.
1007 3532 1116 3599 Martii
1138 3552 1187 3600 an.
1210 3557 1251 3600 vr.

279 3641 325 3697 Ex
342 3657 400 3711 reg.
419 3639 487 3711 orig.
506 3657 551 3696 an.
569 3639 622 3710 VI,
649 3657 716 3698 secr.
744 3658 788 3713 ep.
805 3642 847 3697 33.
880 3641 1034 3713 Wodda'oo:
1061 3643 1161 3700 Amal.
1179 3644 1277 3700 minor.
1296 3649 1365 3700 tom.
1383 3643 1454 3714 VII,
1473 3661 1502 3716 p.
1522 3645 1586 3702 232,

229 3710 367 3766 Theium.-
385 3711 511 3767 Menum.
530 3710 628 3782 Hung.
646 3716 713 3767 tom.
731 3711 754 3778 I,
774 3727 801 3782 p.
819 3713 879 3766 633.

662 3873 847 3940 CXXXVII.
874 3874 965 3960 1340,
992 3873 1140 3946 1011111.

295 3993 479 4080 Capitulum
507 3995 668 4062 Bosnense
698 3996 893 4077 quarundam
923 3997 1153 4080 possessionum
1184 3998 1216 4063 iu
1246 3998 1401 4066 comitatu
1432 3999 1588 4085 Baranya

228 4080 421 4148 situatamm
443 4083 647 4148 donationem
669 4101 688 4148 a
713 4081 881 4164 ,Jolentha
896 4131 928 4149 ..
952 4082 1064 4150 relicta
1082 4085 1206 4150 comitis
1221 4083 1366 4152 Ladizlai
1382 4087 1424 4152 de
1440 4087 1471 4152 N
1472 4089 1585 4156 ewua‘

229 4167 385 4254 „Nicoiao
407 4172 439 4233 et
464 4165 564 4234 Paulo
586 4165 710 4234 filiis..
732 4168 877 4250 magistri
898 4167 1022 4235 Andree
1046 4169 1099 4253 (dc
1121 4171 1295 4256 Gara)...
1319 4172 1495 4257 nepotibus
1518 4174 1589 4242 suis

229 4301 288 4321 ...
315 4253 471 4340 ²‚iactam“
497 4251 664 4336 significat.

297 4355 384 4437 „Nos
407 4353 612 4438 capitulum“.
643 4355 760 4423 Datum
791 4355 870 4424 feria
904 4361 1017 4440 quarta
1045 4357 1187 4442 proxima
1209 4365 1282 4442 post
1304 4360 1488 4442 quindenas
1511 4363 1589 4432 festi

228 4441 316 4510 beati
340 4442 471 4524 Georgii
493 4443 643 4524 martyris
665 4460 715 4508 an.
739 4442 821 4508 dom.
844 4443 1011 4511 millesimo
1032 4444 1254 4512 tercentesimo
1280 4449 1541 4533 quadragesimo.

293 4551 381 4623 Nouo
400 4555 487 4607 Imre:
507 4549 577 4607 Ood.
595 4549 710 4622 diplom.
728 4551 869 4622 hungaric.
888 4553 1065 4626 Andegaren.
1083 4560 1149 4612 tom.
1167 4554 1220 4612 IV.
1239 4573 1267 4627 p.
1285 4558 1329 4614 21.
