3406 5262
1426 223 1486 286 135

137 429 177 496 ad
203 429 357 512 angulum
392 426 513 512 capelle
535 433 643 496 nostre
666 447 691 496 s.
715 428 844 513 Georgii
866 447 962 512 penes
986 433 1125 496 castrum
1147 447 1185 493 ex
1207 434 1298 510 parte
1320 427 1486 507 orientali3

135 515 257 583 deinde
279 517 399 590 directe
422 517 613 583 descendens
635 535 693 599 per
716 522 854 582 montem
876 515 1031 582 incultum
1058 515 1098 581 ad
1121 513 1248 599 damen,
1272 533 1334 597 que
1357 515 1486 597 quidem

135 604 256 670 dividit
278 604 418 671 Recham
440 622 511 671 cum
535 608 642 670 nostro
665 603 780 672 Tersat
802 623 858 687 per
880 605 1019 670 medium
1041 602 1180 668 fluminis
1203 601 1409 686 longitudinis
1432 603 1488 666 tri-

134 691 230 774 ginta
253 691 352 755 trium
373 709 534 774 passuum,
560 709 617 772 per
639 691 777 757 medium
792 690 854 757 laci
870 691 968 756 maris
983 709 1093 756 versus
1109 694 1230 771 partem
1247 686 1487 767 occidentalem,

135 786 168 842 et
192 777 312 844 deinde
335 779 422 843 venit
443 795 502 864 per
523 775 628 844 lacum
650 778 809 844 marinum
831 778 872 845 ad
895 778 1059 844 meridiem
1081 782 1114 841 et
1129 776 1319 842 terminatur
1333 775 1367 840 in
1386 775 1489 857 prima

134 869 224 930 meta
248 864 439 946 supradicta,
463 882 535 930 cum
557 870 645 930 terra
667 871 700 930 et
721 863 889 932 latitudine
913 883 1063 932 cananum
1085 881 1141 930 seu
1162 867 1346 944 stangarum
1370 859 1488 929 Croua-

135 957 245 1018 tarum
267 968 425 1029 mensura,
448 949 543 1017 simul
566 969 637 1018 cum
660 953 781 1018 cunctis
804 970 914 1018 earum
939 950 1137 1034 pertinentiis
1152 949 1319 1032 terrisque,
1343 947 1490 1016 videlicet

136 1035 327 1121 arabilibus,
350 1037 444 1104 cultis
466 1037 658 1118 stimulus,
682 1039 778 1122 agris,
801 1039 913 1122 pratis,
937 1039 1070 1121 pascuis.
1086 1036 1243 1116 fenilibus,
1267 1035 1366 1116 silvis,
1383 1053 1489 1101 nemo-

134 1127 238 1202 ribus,
264 1125 373 1202 vineis,
396 1126 495 1208 aquis,
520 1143 673 1206 aquarum
696 1126 889 1200 decursibus,
913 1125 1110 1206 molendinis,
1127 1122 1381 1190 molendinorum
1399 1122 1489 1200 locis,

136 1216 169 1278 st
191 1211 391 1293 generaliter
413 1229 484 1277 cum
507 1211 745 1293 quibuscunque
766 1211 1013 1296 integritatibus,
1035 1211 1237 1284 utilitatibus.
1262 1209 1490 1292 usufructibus,

135 1297 349 1382 proventibus
371 1304 403 1363 et
425 1297 654 1380 emolumentis,
677 1297 939 1381 qualitercunque
962 1301 1092 1373 vocatis,
1108 1299 1167 1364 sub
1184 1315 1293 1364 earum
1308 1315 1364 1363 seu
1380 1313 1490 1362 eorum

135 1385 225 1452 veris
257 1385 353 1451 mstis
383 1387 423 1451 ad
454 1385 580 1451 eosdem
609 1403 665 1452 seu
695 1388 820 1452 medem
852 1387 1068 1468 spectantibus
1103 1389 1136 1450 et
1170 1383 1403 1468 pertinentibus
1433 1401 1492 1449 seu

135 1477 287 1555 spectare
310 1477 342 1537 st
364 1471 522 1554 pertinere
552 1469 675 1553 prefato
705 1475 896 1539 monasterio
929 1474 1021 1541 beate
1051 1472 1153 1540 ldarie
1183 1470 1315 1554 virginis
1346 1469 1492 1552 fundato,

136 1578 238 1643 prope
263 1559 383 1625 dictum
405 1563 543 1624 castrum
567 1557 690 1638 Tersat
714 1566 746 1626 et
768 1559 920 1627 iratribus
943 1561 975 1625 in
999 1579 1035 1626 eo
1052 1557 1253 1624 familiariter
1268 1557 1336 1624 Deo
1352 1558 1491 1623 servien-

137 1647 227 1712 tibus
252 1647 286 1711 iu
309 1651 497 1728 perpetuam
530 1645 756 1714 helemosinam
786 1648 938 1728 dedimus,
971 1647 1164 1728 donavimus,
1189 1643 1440 1714 adiudicavimus
1459 1647 1492 1708 et

138 1732 344 1800 contulimus.
367 1732 413 1798 Ac
436 1734 580 1800 dedimus
602 1733 731 1816 insuper
754 1735 839 1801 dicto
862 1735 1052 1800 monasterio
1079 1734 1195 1798 vadum
1218 1736 1371 1808 nostrum,
1396 1749 1495 1797 uuum

137 1820 360 1886 molendinum
383 1825 417 1885 et
438 1839 531 1886 unam
555 1825 703 1903 stuppam
733 1822 767 1886 in
790 1819 885 1887 fluvio
917 1821 1034 1898 hecha,
1059 1838 1200 1885 necnon
1223 1817 1333 1884 lenilia
1356 1818 1389 1882 in
1411 1815 1495 1883 valle

138 1909 226 1973 dicta
251 1907 361 1990 Draga
383 1925 454 1973 cum
476 1908 560 1972 ven's
576 1909 669 1973 metis
692 1913 724 1972 et
747 1908 893 1973 terminis
908 1909 1048 1973 eiusdem
1065 1907 1133 1972 siue
1149 1904 1257 1986 aliqua
1276 1903 1494 1990 diminutione,

138 2013 201 2076 quo
225 1993 269 2061 ad
293 2012 351 2061 nos
373 1995 549 2077 spectabat.
574 1994 622 2058 Ex
646 1994 759 2075 quibus
774 1995 920 2060 omnibus
935 2013 1032 2076 supra
1049 1991 1219 2058 nominatis
1242 1991 1493 2073 possessionibus

140 2079 301 2162 elegimus
324 2099 395 2146 esse
417 2079 524 2146 dotem
547 2080 631 2146 dicte
653 2078 785 2147 ecclesie
808 2099 866 2162 pro
889 2081 973 2146 victu
997 2085 1029 2144 et
1056 2081 1164 2146 usibus
1186 2077 1322 2143 fratrum
1345 2077 1388 2143 ibi
1412 2094 1493 2143 com-

137 2167 346 2244 morantium,
370 2173 402 2232 et
425 2185 481 2249 pro
504 2167 705 2247 reparatione
728 2173 760 2232 et
784 2167 922 2234 utilitate
960 2165 1093 2232 ecclesie
1126 2165 1342 2248 prenominata
1365 2182 1494 2230 conver-

139 2261 271 2334 tantur;
305 2259 378 2319 ante
409 2257 551 2320 uostmm
582 2273 620 2320 ex
653 2254 711 2320 hac
742 2253 812 2319 lnce
843 2255 1008 2320 decessum
1040 2252 1112 2318 aliis
1141 2251 1356 2317 dolationibus
1378 2250 1496 2316 dictam

138 2340 310 2408 ecclesiam
335 2339 524 2406 dotabimus.
555 2340 676 2406 Idcirco
708 2359 765 2422 per
796 2346 961 2422 presentes
994 2339 1178 2424 legavimus,
1202 2337 1348 2404 dedimus
1371 2343 1403 2402 et
1425 2356 1495 2404 cou-

138 2427 285 2508 tulimus,
310 2426 502 2492 confidentes
533 2429 572 2492 de
595 2425 772 2492 Salvatoris
803 2426 1021 2511 promissione,
1046 2425 1115 2509 (qui
1142 2424 1286 2491 omnibus
1309 2423 1359 2508 ea)
1383 2425 1423 2490 oh
1446 2423 1497 2488 sui

139 2531 283 2582 amorem
308 2513 569 2598 (reliquentibus)
592 2511 752 2594 pollicitus
776 2520 825 2579 est
847 2514 1017 2579 restituere
1033 2517 1166 2578 centena
1188 2529 1245 2592 pro
1261 2529 1324 2576 unu
1346 2515 1378 2575 et
1401 2511 1496 2577 etiarn

139 2603 240 2670 vitam
264 2605 409 2665 eternam
433 2601 492 2682 (se)
517 2601 676 2684 daturum,
701 2601 759 2685 (et)
782 2605 818 2666 ut
835 2600 928 2666 etiarn
946 2619 1002 2666 nos
1019 2599 1190 2666 coheredes
1210 2596 1315 2663 iacere
1331 2596 1496 2677 dignetur;

139 2693 312 2771 propterea
335 2686 438 2769 ipsum
461 2684 654 2752 salvatorem
677 2687 839 2753 dominum
863 2692 1004 2752 nostrum
1021 2686 1133 2752 Jesurn
1156 2683 1328 2764 Christum,
1353 2688 1386 2749 et
1406 2701 1497 2749 suam

138 2774 345 2841 benedictam
367 2777 502 2840 matrem
534 2773 689 2855 virginem
720 2773 857 2840 Mariam
888 2774 1122 2854 possessionum
1154 2770 1359 2853 prolatarum,
1387 2774 1496 2836 tenore

139 2860 348 2944 presentium,
372 2859 505 2925 heredes
535 2859 741 2938 instituimus,
775 2859 950 2926 creavimus
974 2863 1006 2923 et
1039 2859 1170 2924 fecimus
1197 2857 1267 2922 iure
1290 2861 1441 2940 perpetuo
1465 2861 1498 2921 et

140 2946 412 3026 irrevocabiliter3
436 2945 648 3028 imprecantes
671 2963 780 3010 omnes
804 2951 836 3010 et
860 2964 968 3012 eorum
992 2944 1201 3011 conscientias
1217 2947 1393 3020 sperantes,
1411 2940 1495 3026 quod

139 3035 213 3100 huic
238 3039 348 3099 nostre
371 3031 526 3099 voluntati
551 3033 775 3114 donationique
799 3051 879 3099 ausu
908 3031 1078 3098 temerario
1102 3050 1164 3095 non
1187 3029 1413 3112 contradicant,
1439 3045 1497 3093 nec

140 3121 318 3203 quidquam
341 3119 506 3186 minimum
538 3119 719 3200 usurpando
749 3119 800 3184 vel
832 3117 993 3184 Christum
1024 3118 1185 3184 dominum
1209 3121 1350 3181 nostrum
1374 3121 1407 3181 et
1429 3113 1498 3181 eius

139 3212 280 3274 matrem
303 3207 524 3272 exhereditare
549 3210 750 3286 presumant3
774 3211 807 3270 et
838 3206 865 3270 si
888 3205 1028 3288 fecerint,
1053 3204 1136 3271 tales
1159 3202 1320 3269 temerarii
1343 3205 1497 3284 cogantur

140 3295 338 3378 respondere
370 3311 475 3360 coram
507 3291 660 3358 tribunuli
692 3292 809 3357 domini
844 3292 942 3357 nostri
976 3292 1055 3357 iesu
1087 3289 1204 3356 Christi
1234 3290 1266 3354 in
1299 3289 1350 3354 die
1378 3285 1498 3368 iudicii,

139 3380 354 3462 noverintque
376 3381 459 3445 iusto
484 3379 591 3446 divino
624 3379 741 3444 iudicio
765 3380 849 3461 ipsos
877 3378 1141 3444 exhereditandos
1164 3377 1203 3442 de
1226 3393 1324 3458 regno
1347 3373 1496 3441 celorum.

139 3467 269 3534 Idcirco
281 3484 391 3532 omnes
406 3463 488 3532 tales
503 3465 716 3546 cuiuscunque
733 3470 845 3541 status,
861 3464 1050 3530 conditionis
1066 3469 1098 3529 et
1110 3462 1338 3546 praeminentia
1350 3461 1498 3536 existant,

140 3555 193 3636 qni
217 3555 306 3620 hanc
331 3557 470 3619 cosham
493 3552 696 3618 donationem
728 3557 760 3618 et
790 3550 1025 3618 concessionem
1048 3549 1219 3632 infringere
1243 3548 1423 3614 studuerint
1444 3545 1498 3612 vel

140 3659 276 3724 operam
292 3639 446 3722 dederint,
462 3638 715 3706 maledictionem
732 3643 764 3704 et
778 3637 1024 3719 indignationem
1038 3637 1097 3702 Dei
1110 3635 1333 3718 omnipotentis
1345 3635 1500 3715 beateque

140 3725 405 3812 virginissshlarie
429 3725 656 3805 beatommque
681 3722 899 3806 apostolorum
923 3724 1011 3790 Petri
1035 3728 1067 3788 et
1090 3721 1182 3788 Pauli
1205 3727 1237 3787 et
1253 3721 1350 3786 totius
1372 3719 1499 3786 celestis

140 3815 238 3890 curie,
268 3831 411 3878 necnon
435 3812 788 3878 excommunicationem
820 3811 934 3876 summi
966 3809 1122 3891 pontificis
1152 3827 1189 3873 eo
1212 3807 1296 3874 facto
1319 3807 1500 3884 incurrant;

140 3901 352 3983 prohibentes
374 3903 491 3978 autem,
516 3903 551 3963 ut
573 3897 652 3962 nulli
676 3897 811 3963 nanum
835 3902 1015 3962 nostrorum
1038 3901 1094 3962 aut
1116 3899 1264 3978 nepotum
1283 3893 1499 3974 heredumque

141 4005 253 4055 eorum
286 3986 370 4051 hanc
400 3985 600 4051 donationem
632 3983 727 4050 liceat
757 3983 886 4058 violare.
918 3982 1129 4065 frangercque
1161 3983 1193 4046 in
1220 3985 1418 4062 perpetuum,
1442 3997 1498 4044 seu

141 4069 386 4156 quomodolibet
409 4071 573 4154 impedire,
608 4089 679 4136 cum
703 4077 736 4135 et
758 4090 794 4136 ex
818 4089 925 4136 eorum
957 4069 1119 4136 voluntate
1143 4073 1175 4132 et
1197 4085 1350 4133 consensu
1375 4083 1499 4149 proces-

142 4161 230 4226 serit.
259 4158 308 4225 Ut
336 4163 441 4224 autern
473 4157 596 4242 prelata
628 4157 755 4222 donatio
787 4163 896 4222 nostra
919 4161 1106 4237 perpetuum
1138 4154 1236 4220 robur
1260 4159 1293 4218 et
1316 4151 1500 4218 firmitatem

141 4247 296 4325 obtineat,
320 4263 451 4326 presens
473 4245 719 4310 instrumentum
751 4241 891 4320 fecimus,
924 4241 1204 4322 mandavimusque
1224 4239 1284 4304 sub
1307 4239 1499 4322 appensione

142 4334 241 4400 nostri
266 4331 402 4398 maioris
424 4331 522 4413 sigilli
545 4330 767 4398 roborandum.
793 4330 912 4395 Datum
935 4331 968 4394 et
984 4335 1090 4394 actum
1112 4329 1145 4392 in
1168 4331 1272 4392 castro
1288 4331 1395 4391 nostro
1417 4325 1499 4389 Novi

141 4421 192 4488 die
215 4419 358 4503 septima
382 4417 618 4500 Aprilis,.·anuo
649 4417 767 4484 domini
800 4415 968 4482 millesimo
991 4411 1304 4497 quadringentesimo
1333 4410 1498 4494 trigesimo

143 4509 253 4593 pn'mo,
278 4505 455 4573 indictione
478 4505 623 4590 septima.
