<?xml version="1.0" encoding="UTF-8"?>
<!DOCTYPE html PUBLIC "-//W3C//DTD XHTML 1.0 Transitional//EN"
    "http://www.w3.org/TR/xhtml1/DTD/xhtml1-transitional.dtd">
<html xmlns="http://www.w3.org/1999/xhtml" xml:lang="en" lang="en">
 <head>
  <title>
</title>
<meta http-equiv="Content-Type" content="text/html;charset=utf-8" />
  <meta name='ocr-system' content='tesseract 3.04.00' />
  <meta name='ocr-capabilities' content='ocr_page ocr_carea ocr_par ocr_line ocrx_word'/>
</head>
<body>
  <div class='ocr_page' id='page_1' title='image "./actabosnaepotis00fermgoog_0121.png"; bbox 0 0 3406 5262; ppageno 0'>
   <div class='ocr_carea' id='block_1_1' title="bbox 1391 285 1450 348">
    <p class='ocr_par' dir='ltr' id='par_1_1' title="bbox 1391 285 1450 348">
     <span class='ocr_line' id='line_1_1' title="bbox 1391 285 1450 348; baseline 0.034 -2"><span class='ocrx_word' id='word_1_1' title='bbox 1391 285 1450 348; x_wconf 85' lang='lat'><strong><em>109</em></strong></span> 
     </span>
    </p>
   </div>
   <div class='ocr_carea' id='block_1_2' title="bbox 453 479 1097 570">
    <p class='ocr_par' dir='ltr' id='par_1_2' title="bbox 453 479 1097 570">
     <span class='ocr_line' id='line_1_2' title="bbox 453 479 1097 570; baseline 0.003 -20"><span class='ocrx_word' id='word_1_2' title='bbox 453 483 575 550; x_wconf 82' lang='lat' dir='ltr'>DXOV.</span> <span class='ocrx_word' id='word_1_3' title='bbox 603 479 696 564; x_wconf 80' lang='lat'><strong><em>1420,</em></strong></span> <span class='ocrx_word' id='word_1_4' title='bbox 724 481 1097 570; x_wconf 73' lang='lat' dir='ltr'><strong><em>renuntiarentur.</em></strong></span> 
     </span>
    </p>
   </div>
   <div class='ocr_carea' id='block_1_3' title="bbox 103 605 1451 1200">
    <p class='ocr_par' dir='ltr' id='par_1_3' title="bbox 104 605 1451 694">
     <span class='ocr_line' id='line_1_3' title="bbox 104 605 1451 694; baseline 0.006 -24"><span class='ocrx_word' id='word_1_5' title='bbox 104 605 270 674; x_wconf 80' lang='lat' dir='ltr'><strong><em>Martinus</em></strong></span> <span class='ocrx_word' id='word_1_6' title='bbox 293 605 359 674; x_wconf 89' lang='grc' dir='ltr'><strong><em>ΡΡ.</em></strong></span> <span class='ocrx_word' id='word_1_7' title='bbox 402 607 432 672; x_wconf 84' lang='lat' dir='ltr'><strong><em>V.</em></strong></span> <span class='ocrx_word' id='word_1_8' title='bbox 466 606 655 672; x_wconf 72' lang='lat' dir='ltr'><strong><em>enumeratis</em></strong></span> <span class='ocrx_word' id='word_1_9' title='bbox 686 605 875 692; x_wconf 86' lang='lat' dir='ltr'><strong><em>reipublicae</em></strong></span> <span class='ocrx_word' id='word_1_10' title='bbox 905 608 1076 692; x_wconf 79' lang='lat' dir='ltr'><strong><em>rnpusiuae</em></strong></span> <span class='ocrx_word' id='word_1_11' title='bbox 1102 627 1163 694; x_wconf 87' lang='lat' dir='ltr'><strong><em>pro</em></strong></span> <span class='ocrx_word' id='word_1_12' title='bbox 1197 608 1275 674; x_wconf 83' lang='lat' dir='ltr'><strong><em>borso</em></strong></span> <span class='ocrx_word' id='word_1_13' title='bbox 1307 610 1451 678; x_wconf 87' lang='lat' dir='ltr'><strong><em>ecclcsiae</em></strong></span> 
     </span>
    </p>

    <p class='ocr_par' dir='ltr' id='par_1_4' title="bbox 104 693 1449 784">
     <span class='ocr_line' id='line_1_4' title="bbox 104 693 1449 784; baseline 0.003 -24"><span class='ocrx_word' id='word_1_14' title='bbox 104 696 238 780; x_wconf 87' lang='lat' dir='ltr'><strong><em>meritis,</em></strong></span> <span class='ocrx_word' id='word_1_15' title='bbox 269 699 298 760; x_wconf 89' lang='lat' dir='ltr'><strong><em>ct</em></strong></span> <span class='ocrx_word' id='word_1_16' title='bbox 330 695 521 762; x_wconf 82' lang='lat' dir='ltr'><strong><em>collaudatis</em></strong></span> <span class='ocrx_word' id='word_1_17' title='bbox 548 695 691 778; x_wconf 76' lang='lat' dir='ltr'><strong><em>fratrum</em></strong></span> <span class='ocrx_word' id='word_1_18' title='bbox 721 695 859 760; x_wconf 79' lang='lat' dir='ltr'><strong><em>vicariae</em></strong></span> <span class='ocrx_word' id='word_1_19' title='bbox 888 693 1038 760; x_wconf 87' lang='lat' dir='ltr'><strong><em>Bosums.</em></strong></span> <span class='ocrx_word' id='word_1_20' title='bbox 1069 695 1249 780; x_wconf 85' lang='lat' dir='ltr'><strong><em>apostolicis</em></strong></span> <span class='ocrx_word' id='word_1_21' title='bbox 1280 696 1449 784; x_wconf 80' lang='lat' dir='ltr'><strong><em>laboribus,</em></strong></span> 
     </span>
    </p>

    <p class='ocr_par' dir='ltr' id='par_1_5' title="bbox 103 781 1451 870">
     <span class='ocr_line' id='line_1_5' title="bbox 103 781 1451 870; baseline 0.004 -24"><span class='ocrx_word' id='word_1_22' title='bbox 103 781 214 846; x_wconf 86' lang='lat' dir='ltr'><strong><em>abbati</em></strong></span> <span class='ocrx_word' id='word_1_23' title='bbox 242 785 427 847; x_wconf 82' lang='lat' dir='ltr'><strong><em>monasterii</em></strong></span> <span class='ocrx_word' id='word_1_24' title='bbox 454 781 610 848; x_wconf 72' lang='lat' dir='ltr'><strong><em>Locrum</em></strong></span> <span class='ocrx_word' id='word_1_25' title='bbox 640 785 810 865; x_wconf 86' lang='lat' dir='ltr'><strong><em>committit,</em></strong></span> <span class='ocrx_word' id='word_1_26' title='bbox 839 789 874 848; x_wconf 91' lang='lat' dir='ltr'><strong><em>ut</em></strong></span> <span class='ocrx_word' id='word_1_27' title='bbox 903 785 940 848; x_wconf 82' lang='lat' dir='ltr'><strong><em>cle</em></strong></span> <span class='ocrx_word' id='word_1_28' title='bbox 972 783 1100 847; x_wconf 85' lang='lat' dir='ltr'><strong><em>decimis</em></strong></span> <span class='ocrx_word' id='word_1_29' title='bbox 1129 804 1149 848; x_wconf 89' lang='lat' dir='ltr'><strong><em>a</em></strong></span> <span class='ocrx_word' id='word_1_30' title='bbox 1180 782 1267 848; x_wconf 86' lang='lat' dir='ltr'><strong><em>dicto</em></strong></span> <span class='ocrx_word' id='word_1_31' title='bbox 1292 785 1451 870; x_wconf 77' lang='lat' dir='ltr'><strong><em>republica</em></strong></span> 
     </span>
    </p>

    <p class='ocr_par' dir='ltr' id='par_1_6' title="bbox 104 868 1451 956">
     <span class='ocr_line' id='line_1_6' title="bbox 104 868 1451 956; baseline 0.002 -21"><span class='ocrx_word' id='word_1_32' title='bbox 104 869 250 952; x_wconf 86' lang='lat' dir='ltr'><strong><em>episcopo</em></strong></span> <span class='ocrx_word' id='word_1_33' title='bbox 277 868 462 936; x_wconf 63' lang='lat' dir='ltr'><strong><em>aurasiensi</em></strong></span> <span class='ocrx_word' id='word_1_34' title='bbox 484 871 640 935; x_wconf 77' lang='lat' dir='ltr'><strong><em>solamitis</em></strong></span> <span class='ocrx_word' id='word_1_35' title='bbox 662 891 694 936; x_wconf 87' lang='lat' dir='ltr'><strong><em>sc</em></strong></span> <span class='ocrx_word' id='word_1_36' title='bbox 716 891 748 934; x_wconf 87' lang='lat' dir='ltr'><strong><em>se</em></strong></span> <span class='ocrx_word' id='word_1_37' title='bbox 769 870 928 954; x_wconf 75' lang='lat' dir='ltr'><strong><em>informet,</em></strong></span> <span class='ocrx_word' id='word_1_38' title='bbox 944 879 973 935; x_wconf 89' lang='lat' dir='ltr'><strong><em>ct</em></strong></span> <span class='ocrx_word' id='word_1_39' title='bbox 988 869 1017 934; x_wconf 92' lang='lat' dir='ltr'><strong><em>si</em></strong></span> <span class='ocrx_word' id='word_1_40' title='bbox 1032 872 1179 954; x_wconf 76' lang='lat' dir='ltr'><strong><em>expositio</em></strong></span> <span class='ocrx_word' id='word_1_41' title='bbox 1195 872 1330 956; x_wconf 81' lang='lat' dir='ltr'><strong><em>episcopi</em></strong></span> <span class='ocrx_word' id='word_1_42' title='bbox 1349 873 1451 956; x_wconf 78' lang='lat' dir='ltr'><strong><em>fuerit</em></strong></span> 
     </span>
    </p>

    <p class='ocr_par' dir='ltr' id='par_1_7' title="bbox 104 957 1450 1043">
     <span class='ocr_line' id='line_1_7' title="bbox 104 957 1450 1043; baseline 0.003 -22"><span class='ocrx_word' id='word_1_43' title='bbox 104 978 181 1021; x_wconf 85' lang='lat' dir='ltr'><strong><em>acro</em></strong></span> <span class='ocrx_word' id='word_1_44' title='bbox 203 957 406 1043; x_wconf 75' lang='lat' dir='ltr'><strong><em>deprebensa,</em></strong></span> <span class='ocrx_word' id='word_1_45' title='bbox 437 964 566 1042; x_wconf 87' lang='lat' dir='ltr'><strong><em>statuat,</em></strong></span> <span class='ocrx_word' id='word_1_46' title='bbox 599 958 682 1043; x_wconf 83' lang='lat' dir='ltr'><strong><em>quod</em></strong></span> <span class='ocrx_word' id='word_1_47' title='bbox 715 966 827 1040; x_wconf 86' lang='lat' dir='ltr'><strong><em>rector,</em></strong></span> <span class='ocrx_word' id='word_1_48' title='bbox 857 959 1019 1024; x_wconf 80' lang='lat' dir='ltr'><strong><em>consilium</em></strong></span> <span class='ocrx_word' id='word_1_49' title='bbox 1051 965 1079 1022; x_wconf 89' lang='lat' dir='ltr'><strong><em>ct</em></strong></span> <span class='ocrx_word' id='word_1_50' title='bbox 1106 960 1297 1024; x_wconf 73' lang='lat' dir='ltr'><strong><em>universitas</em></strong></span> <span class='ocrx_word' id='word_1_51' title='bbox 1320 959 1450 1026; x_wconf 85' lang='lat' dir='ltr'><strong><em>Nicolao</em></strong></span> 
     </span>
    </p>

    <p class='ocr_par' dir='ltr' id='par_1_8' title="bbox 103 1044 1450 1200">
     <span class='ocr_line' id='line_1_8' title="bbox 103 1044 1450 1132; baseline 0.002 -22"><span class='ocrx_word' id='word_1_52' title='bbox 103 1044 248 1132; x_wconf 83' lang='lat' dir='ltr'><strong><em>episcopo</em></strong></span> <span class='ocrx_word' id='word_1_53' title='bbox 281 1044 467 1110; x_wconf 81' lang='lat' dir='ltr'><strong><em>Cureulmsi</em></strong></span> <span class='ocrx_word' id='word_1_54' title='bbox 496 1052 525 1110; x_wconf 89' lang='lat' dir='ltr'><strong><em>et</em></strong></span> <span class='ocrx_word' id='word_1_55' title='bbox 553 1045 782 1111; x_wconf 87' lang='lat' dir='ltr'><strong><em>successoribus</em></strong></span> <span class='ocrx_word' id='word_1_56' title='bbox 812 1047 878 1110; x_wconf 87' lang='lat' dir='ltr'><strong><em>ciue</em></strong></span> <span class='ocrx_word' id='word_1_57' title='bbox 907 1046 1031 1110; x_wconf 87' lang='lat' dir='ltr'><strong><em>rotiouc</em></strong></span> <span class='ocrx_word' id='word_1_58' title='bbox 1061 1045 1254 1110; x_wconf 82' lang='lat' dir='ltr'><strong><em>decimarum</em></strong></span> <span class='ocrx_word' id='word_1_59' title='bbox 1284 1050 1450 1114; x_wconf 84' lang='lat' dir='ltr'><strong><em>aunuatim</em></strong></span> 
     </span>
     <span class='ocr_line' id='line_1_9' title="bbox 357 1133 1200 1200; baseline -0.001 -1"><span class='ocrx_word' id='word_1_60' title='bbox 357 1139 476 1199; x_wconf 80' lang='lat' dir='ltr'><strong><em>centum</em></strong></span> <span class='ocrx_word' id='word_1_61' title='bbox 500 1134 686 1199; x_wconf 75' lang='lat' dir='ltr'><strong><em>ducatorum</em></strong></span> <span class='ocrx_word' id='word_1_62' title='bbox 708 1153 833 1199; x_wconf 86' lang='lat' dir='ltr'><strong><em>censum</em></strong></span> <span class='ocrx_word' id='word_1_63' title='bbox 856 1133 972 1198; x_wconf 84' lang='lat' dir='ltr'><strong><em>soluere</em></strong></span> <span class='ocrx_word' id='word_1_64' title='bbox 994 1133 1123 1199; x_wconf 84' lang='lat' dir='ltr'><strong><em>debeant</em></strong></span> <span class='ocrx_word' id='word_1_65' title='bbox 1146 1140 1200 1200; x_wconf 87' lang='lat' dir='ltr'><strong><em>cto.</em></strong></span> 
     </span>
    </p>
   </div>
   <div class='ocr_carea' id='block_1_4' title="bbox 13 1253 1481 4768">
    <p class='ocr_par' dir='ltr' id='par_1_9' title="bbox 13 1253 1481 4768">
     <span class='ocr_line' id='line_1_10' title="bbox 171 1253 1450 1340; baseline 0.003 -19"><span class='ocrx_word' id='word_1_66' title='bbox 171 1255 329 1324; x_wconf 86' lang='lat' dir='ltr'><strong><em>Martinus</em></strong></span> <span class='ocrx_word' id='word_1_67' title='bbox 352 1255 516 1340; x_wconf 88' lang='lat' dir='ltr'><strong><em>episcopus</em></strong></span> <span class='ocrx_word' id='word_1_68' title='bbox 547 1275 657 1323; x_wconf 87' lang='lat' dir='ltr'><strong><em>servus</em></strong></span> <span class='ocrx_word' id='word_1_69' title='bbox 689 1273 850 1324; x_wconf 86' lang='lat' dir='ltr'><strong><em>servorum</em></strong></span> <span class='ocrx_word' id='word_1_70' title='bbox 881 1253 951 1320; x_wconf 90' lang='lat' dir='ltr'><strong><em>Dei.</em></strong></span> <span class='ocrx_word' id='word_1_71' title='bbox 978 1253 1104 1322; x_wconf 91' lang='lat' dir='ltr'><strong><em>Dilecto</em></strong></span> <span class='ocrx_word' id='word_1_72' title='bbox 1126 1253 1191 1320; x_wconf 86' lang='lat' dir='ltr'><strong><em>fibo</em></strong></span> <span class='ocrx_word' id='word_1_73' title='bbox 1207 1301 1317 1321; x_wconf 89' lang='grc'><strong>.....</strong></span> <span class='ocrx_word' id='word_1_74' title='bbox 1342 1256 1450 1325; x_wconf 87' lang='lat' dir='ltr'><strong><em>abbati</em></strong></span> 
     </span>
     <span class='ocr_line' id='line_1_11' title="bbox 104 1340 1448 1500; baseline 0.001 -90"><span class='ocrx_word' id='word_1_75' title='bbox 104 1344 292 1500; x_wconf 58' lang='lat' dir='ltr'><strong><em>fflonasterii</em></strong></span> <span class='ocrx_word' id='word_1_76' title='bbox 321 1343 361 1411; x_wconf 88' lang='lat' dir='ltr'><strong><em>de</em></strong></span> <span class='ocrx_word' id='word_1_77' title='bbox 391 1341 545 1410; x_wconf 84' lang='lat' dir='ltr'><strong><em>Lacroma</em></strong></span> <span class='ocrx_word' id='word_1_78' title='bbox 573 1361 671 1426; x_wconf 87' lang='lat' dir='ltr'><strong><em>prope</em></strong></span> <span class='ocrx_word' id='word_1_79' title='bbox 702 1341 876 1426; x_wconf 75' lang='lat' dir='ltr'><strong><em>Ruginium</em></strong></span> <span class='ocrx_word' id='word_1_80' title='bbox 906 1340 1097 1409; x_wconf 79' lang='lat' dir='ltr'><strong><em>salutemet</em></strong></span> <span class='ocrx_word' id='word_1_81' title='bbox 1124 1340 1329 1426; x_wconf 88' lang='lat' dir='ltr'><strong><em>apostolicam</em></strong></span> <span class='ocrx_word' id='word_1_82' title='bbox 1352 1345 1448 1411; x_wconf 89' lang='lat' dir='ltr'><strong><em>bene·</em></strong></span> 
     </span>
     <span class='ocr_line' id='line_1_12' title="bbox 137 1431 285 1500; baseline -0.007 -1"><span class='ocrx_word' id='word_1_83' title='bbox 137 1431 285 1500; x_wconf 60' lang='lat' dir='ltr'><strong><em>manem.</em></strong></span> 
     </span>
     <span class='ocr_line' id='line_1_13' title="bbox 169 1531 1445 1620; baseline 0 -16"><span class='ocrx_word' id='word_1_84' title='bbox 169 1536 273 1604; x_wconf 78' lang='lat' dir='ltr'><strong><em>luetis</em></strong></span> <span class='ocrx_word' id='word_1_85' title='bbox 295 1538 328 1600; x_wconf 89' lang='lat' dir='ltr'><strong><em>et</em></strong></span> <span class='ocrx_word' id='word_1_86' title='bbox 349 1533 492 1604; x_wconf 76' lang='lat' dir='ltr'><strong><em>honestis</em></strong></span> <span class='ocrx_word' id='word_1_87' title='bbox 513 1533 692 1620; x_wconf 86' lang='lat' dir='ltr'><strong><em>supplicum</em></strong></span> <span class='ocrx_word' id='word_1_88' title='bbox 715 1533 806 1614; x_wconf 86' lang='lat' dir='ltr'><strong><em>votis,</em></strong></span> <span class='ocrx_word' id='word_1_89' title='bbox 829 1531 894 1600; x_wconf 87' lang='lat' dir='ltr'><strong><em>illis</em></strong></span> <span class='ocrx_word' id='word_1_90' title='bbox 916 1534 1084 1616; x_wconf 80' lang='lat' dir='ltr'><strong><em>presertim</em></strong></span> <span class='ocrx_word' id='word_1_91' title='bbox 1098 1550 1155 1618; x_wconf 90' lang='lat' dir='ltr'><strong><em>per</em></strong></span> <span class='ocrx_word' id='word_1_92' title='bbox 1170 1551 1232 1615; x_wconf 86' lang='lat' dir='ltr'><strong><em>que</em></strong></span> <span class='ocrx_word' id='word_1_93' title='bbox 1246 1532 1325 1602; x_wconf 87' lang='lat' dir='ltr'><strong><em>tides</em></strong></span> <span class='ocrx_word' id='word_1_94' title='bbox 1339 1535 1445 1604; x_wconf 78' lang='lat' dir='ltr'><strong><em>cutha</em></strong></span> 
     </span>
     <span class='ocr_line' id='line_1_14' title="bbox 103 1619 1444 1705; baseline 0.001 -16"><span class='ocrx_word' id='word_1_95' title='bbox 103 1621 166 1689; x_wconf 80' lang='lat' dir='ltr'><strong><em>lica</em></strong></span> <span class='ocrx_word' id='word_1_96' title='bbox 188 1641 252 1689; x_wconf 91' lang='lat' dir='ltr'><strong><em>non</em></strong></span> <span class='ocrx_word' id='word_1_97' title='bbox 274 1621 377 1690; x_wconf 87' lang='lat' dir='ltr'><strong><em>solum</em></strong></span> <span class='ocrx_word' id='word_1_98' title='bbox 399 1621 579 1690; x_wconf 87' lang='lat' dir='ltr'><strong><em>defenditur</em></strong></span> <span class='ocrx_word' id='word_1_99' title='bbox 600 1622 752 1690; x_wconf 85' lang='lat' dir='ltr'><strong><em>adversus</em></strong></span> <span class='ocrx_word' id='word_1_100' title='bbox 772 1621 880 1688; x_wconf 88' lang='lat' dir='ltr'><strong><em>hostes</em></strong></span> <span class='ocrx_word' id='word_1_101' title='bbox 898 1621 1034 1688; x_wconf 85' lang='lat' dir='ltr'><strong><em>nominis</em></strong></span> <span class='ocrx_word' id='word_1_102' title='bbox 1055 1620 1134 1688; x_wconf 86' lang='lat' dir='ltr'><strong><em>Jesu</em></strong></span> <span class='ocrx_word' id='word_1_103' title='bbox 1156 1619 1285 1700; x_wconf 74' lang='lat' dir='ltr'><strong><em>Ghneti,</em></strong></span> <span class='ocrx_word' id='word_1_104' title='bbox 1308 1622 1365 1690; x_wconf 88' lang='lat' dir='ltr'><strong><em>ssd</em></strong></span> <span class='ocrx_word' id='word_1_105' title='bbox 1387 1641 1444 1705; x_wconf 88' lang='lat' dir='ltr'><strong><em>per</em></strong></span> 
     </span>
     <span class='ocr_line' id='line_1_15' title="bbox 102 1707 1446 1791; baseline 0.001 -14"><span class='ocrx_word' id='word_1_106' title='bbox 102 1728 214 1777; x_wconf 74' lang='lat' dir='ltr'><strong><em>mnam</em></strong></span> <span class='ocrx_word' id='word_1_107' title='bbox 245 1707 420 1778; x_wconf 87' lang='lat' dir='ltr'><strong><em>doctrinam</em></strong></span> <span class='ocrx_word' id='word_1_108' title='bbox 449 1715 483 1776; x_wconf 90' lang='lat' dir='ltr'><strong><em>et</em></strong></span> <span class='ocrx_word' id='word_1_109' title='bbox 510 1707 651 1776; x_wconf 87' lang='lat' dir='ltr'><strong><em>salubria</em></strong></span> <span class='ocrx_word' id='word_1_110' title='bbox 684 1711 871 1777; x_wconf 88' lang='lat' dir='ltr'><strong><em>documenta</em></strong></span> <span class='ocrx_word' id='word_1_111' title='bbox 904 1707 1189 1791; x_wconf 77' lang='lat' dir='ltr'><strong><em>evangelizantium</em></strong></span> <span class='ocrx_word' id='word_1_112' title='bbox 1223 1708 1353 1776; x_wconf 89' lang='lat' dir='ltr'><strong><em>verbum</em></strong></span> <span class='ocrx_word' id='word_1_113' title='bbox 1386 1710 1446 1778; x_wconf 91' lang='lat' dir='ltr'><strong><em>Dei</em></strong></span> 
     </span>
     <span class='ocr_line' id='line_1_16' title="bbox 103 1793 1449 1878; baseline 0.001 -15"><span class='ocrx_word' id='word_1_114' title='bbox 103 1794 280 1863; x_wconf 87' lang='lat' dir='ltr'><strong><em>infidelium</em></strong></span> <span class='ocrx_word' id='word_1_115' title='bbox 313 1814 438 1878; x_wconf 87' lang='lat' dir='ltr'><strong><em>quoque</em></strong></span> <span class='ocrx_word' id='word_1_116' title='bbox 469 1796 705 1866; x_wconf 88' lang='lat' dir='ltr'><strong><em>conversionem</em></strong></span> <span class='ocrx_word' id='word_1_117' title='bbox 737 1796 777 1864; x_wconf 85' lang='lat' dir='ltr'><strong><em>ad</em></strong></span> <span class='ocrx_word' id='word_1_118' title='bbox 807 1793 977 1862; x_wconf 89' lang='lat' dir='ltr'><strong><em>Dominum</em></strong></span> <span class='ocrx_word' id='word_1_119' title='bbox 1006 1795 1039 1860; x_wconf 92' lang='lat' dir='ltr'><strong><em>in</em></strong></span> <span class='ocrx_word' id='word_1_120' title='bbox 1069 1795 1276 1864; x_wconf 85' lang='lat' dir='ltr'><strong><em>barbarorum</em></strong></span> <span class='ocrx_word' id='word_1_121' title='bbox 1298 1815 1360 1864; x_wconf 91' lang='lat' dir='ltr'><strong><em>non</em></strong></span> <span class='ocrx_word' id='word_1_122' title='bbox 1382 1815 1449 1864; x_wconf 92' lang='lat' dir='ltr'><strong><em>cre-</em></strong></span> 
     </span>
     <span class='ocr_line' id='line_1_17' title="bbox 104 1881 1448 1968; baseline 0.001 -18"><span class='ocrx_word' id='word_1_123' title='bbox 104 1883 249 1950; x_wconf 91' lang='lat' dir='ltr'><strong><em>dentium</em></strong></span> <span class='ocrx_word' id='word_1_124' title='bbox 271 1884 455 1966; x_wconf 79' lang='lat' dir='ltr'><strong><em>regionibns</em></strong></span> <span class='ocrx_word' id='word_1_125' title='bbox 485 1883 648 1968; x_wconf 83' lang='lat' dir='ltr'><strong><em>dilatatur,</em></strong></span> <span class='ocrx_word' id='word_1_126' title='bbox 676 1883 812 1950; x_wconf 87' lang='lat' dir='ltr'><strong><em>libenter</em></strong></span> <span class='ocrx_word' id='word_1_127' title='bbox 844 1882 1012 1950; x_wconf 76' lang='lat' dir='ltr'><strong><em>annuimus</em></strong></span> <span class='ocrx_word' id='word_1_128' title='bbox 1034 1899 1134 1964; x_wconf 89' lang='lat' dir='ltr'><strong><em>eaque</em></strong></span> <span class='ocrx_word' id='word_1_129' title='bbox 1156 1881 1319 1950; x_wconf 75' lang='lat' dir='ltr'><strong><em>ievombus</em></strong></span> <span class='ocrx_word' id='word_1_130' title='bbox 1342 1904 1448 1968; x_wconf 87' lang='lat' dir='ltr'><strong><em>prosa-</em></strong></span> 
     </span>
     <span class='ocr_line' id='line_1_18' title="bbox 102 1967 1447 2056; baseline 0.001 -20"><span class='ocrx_word' id='word_1_131' title='bbox 102 1971 232 2054; x_wconf 90' lang='lat' dir='ltr'><strong><em>quimur</em></strong></span> <span class='ocrx_word' id='word_1_132' title='bbox 254 1971 448 2056; x_wconf 83' lang='lat' dir='ltr'><strong><em>opportunis.</em></strong></span> <span class='ocrx_word' id='word_1_133' title='bbox 473 1969 556 2038; x_wconf 85' lang='lat' dir='ltr'><strong><em>Sene</em></strong></span> <span class='ocrx_word' id='word_1_134' title='bbox 589 1991 646 2054; x_wconf 93' lang='lat' dir='ltr'><strong><em>pro</em></strong></span> <span class='ocrx_word' id='word_1_135' title='bbox 668 1977 758 2054; x_wconf 89' lang='lat' dir='ltr'><strong><em>parte</em></strong></span> <span class='ocrx_word' id='word_1_136' title='bbox 788 1969 975 2036; x_wconf 88' lang='lat' dir='ltr'><strong><em>dilectorum</em></strong></span> <span class='ocrx_word' id='word_1_137' title='bbox 997 1967 1133 2036; x_wconf 88' lang='lat' dir='ltr'><strong><em>filiorum</em></strong></span> <span class='ocrx_word' id='word_1_138' title='bbox 1156 1971 1298 2051; x_wconf 83' lang='lat' dir='ltr'><strong><em>rectoris,</em></strong></span> <span class='ocrx_word' id='word_1_139' title='bbox 1322 1971 1447 2038; x_wconf 88' lang='lat' dir='ltr'><strong><em>consilii</em></strong></span> 
     </span>
     <span class='ocr_line' id='line_1_19' title="bbox 13 2056 1448 2142; baseline 0.006 -24"><span class='ocrx_word' id='word_1_140' title='bbox 13 2105 15 2118; x_wconf 92' lang='lat'>.</span> <span class='ocrx_word' id='word_1_141' title='bbox 102 2063 135 2124; x_wconf 90' lang='lat' dir='ltr'><strong><em>et</em></strong></span> <span class='ocrx_word' id='word_1_142' title='bbox 157 2056 379 2124; x_wconf 74' lang='lat' dir='ltr'><strong><em>universitatis</em></strong></span> <span class='ocrx_word' id='word_1_143' title='bbox 401 2057 539 2126; x_wconf 84' lang='lat' dir='ltr'><strong><em>civitatis</em></strong></span> <span class='ocrx_word' id='word_1_144' title='bbox 554 2057 735 2142; x_wconf 81' lang='lat' dir='ltr'><strong><em>Ragusinae</em></strong></span> <span class='ocrx_word' id='word_1_145' title='bbox 751 2058 842 2124; x_wconf 87' lang='lat' dir='ltr'><strong><em>nobis</em></strong></span> <span class='ocrx_word' id='word_1_146' title='bbox 857 2075 957 2139; x_wconf 87' lang='lat' dir='ltr'><strong><em>nuper</em></strong></span> <span class='ocrx_word' id='word_1_147' title='bbox 972 2057 1112 2124; x_wconf 86' lang='lat' dir='ltr'><strong><em>exhibita</em></strong></span> <span class='ocrx_word' id='word_1_148' title='bbox 1126 2057 1239 2139; x_wconf 91' lang='lat' dir='ltr'><strong><em>petitio</em></strong></span> <span class='ocrx_word' id='word_1_149' title='bbox 1256 2059 1448 2142; x_wconf 87' lang='lat' dir='ltr'><strong><em>continebat,</em></strong></span> 
     </span>
     <span class='ocr_line' id='line_1_20' title="bbox 102 2143 1448 2229; baseline 0 -17"><span class='ocrx_word' id='word_1_150' title='bbox 102 2147 188 2228; x_wconf 87' lang='lat' dir='ltr'><strong><em>quod</em></strong></span> <span class='ocrx_word' id='word_1_151' title='bbox 212 2143 289 2212; x_wconf 88' lang='lat' dir='ltr'><strong><em>olim</em></strong></span> <span class='ocrx_word' id='word_1_152' title='bbox 310 2143 372 2228; x_wconf 88' lang='lat' dir='ltr'><strong><em>ipsi</em></strong></span> <span class='ocrx_word' id='word_1_153' title='bbox 394 2146 525 2229; x_wconf 84' lang='lat' dir='ltr'><strong><em>provide</em></strong></span> <span class='ocrx_word' id='word_1_154' title='bbox 547 2147 746 2214; x_wconf 75' lang='lat' dir='ltr'><strong><em>attendentes</em></strong></span> <span class='ocrx_word' id='word_1_155' title='bbox 768 2149 802 2210; x_wconf 87' lang='lat' dir='ltr'><strong><em>et</em></strong></span> <span class='ocrx_word' id='word_1_156' title='bbox 823 2143 1068 2224; x_wconf 79' lang='lat' dir='ltr'><strong><em>considerantes,</em></strong></span> <span class='ocrx_word' id='word_1_157' title='bbox 1091 2144 1175 2226; x_wconf 87' lang='lat' dir='ltr'><strong><em>quod</em></strong></span> <span class='ocrx_word' id='word_1_158' title='bbox 1194 2143 1317 2229; x_wconf 81' lang='lat' dir='ltr'><strong><em>pretate</em></strong></span> <span class='ocrx_word' id='word_1_159' title='bbox 1339 2164 1448 2212; x_wconf 89' lang='lat' dir='ltr'><strong><em>eorum</em></strong></span> 
     </span>
     <span class='ocr_line' id='line_1_21' title="bbox 102 2229 1448 2314; baseline 0.001 -15"><span class='ocrx_word' id='word_1_160' title='bbox 102 2233 218 2300; x_wconf 85' lang='lat' dir='ltr'><strong><em>civitas</em></strong></span> <span class='ocrx_word' id='word_1_161' title='bbox 249 2233 346 2300; x_wconf 90' lang='lat' dir='ltr'><strong><em>terris</em></strong></span> <span class='ocrx_word' id='word_1_162' title='bbox 375 2239 407 2298; x_wconf 91' lang='lat' dir='ltr'><strong><em>et</em></strong></span> <span class='ocrx_word' id='word_1_163' title='bbox 437 2230 515 2298; x_wconf 89' lang='lat' dir='ltr'><strong><em>locis</em></strong></span> <span class='ocrx_word' id='word_1_164' title='bbox 537 2231 807 2300; x_wconf 75' lang='lat' dir='ltr'><strong><em>schismaticorum</em></strong></span> <span class='ocrx_word' id='word_1_165' title='bbox 838 2238 871 2297; x_wconf 91' lang='lat' dir='ltr'><strong><em>et</em></strong></span> <span class='ocrx_word' id='word_1_166' title='bbox 900 2229 1084 2314; x_wconf 88' lang='lat' dir='ltr'><strong><em>infidelium,</em></strong></span> <span class='ocrx_word' id='word_1_167' title='bbox 1115 2231 1170 2314; x_wconf 88' lang='lat' dir='ltr'><strong><em>qui</em></strong></span> <span class='ocrx_word' id='word_1_168' title='bbox 1199 2235 1232 2296; x_wconf 91' lang='lat' dir='ltr'><strong><em>in</em></strong></span> <span class='ocrx_word' id='word_1_169' title='bbox 1261 2233 1448 2314; x_wconf 84' lang='lat' dir='ltr'><strong><em>sanguinem</em></strong></span> 
     </span>
     <span class='ocr_line' id='line_1_22' title="bbox 100 2317 1448 2402; baseline 0.001 -16"><span class='ocrx_word' id='word_1_170' title='bbox 100 2319 349 2387; x_wconf 86' lang='lat' dir='ltr'><strong><em>christianorum</em></strong></span> <span class='ocrx_word' id='word_1_171' title='bbox 371 2319 519 2386; x_wconf 86' lang='lat' dir='ltr'><strong><em>continuo</em></strong></span> <span class='ocrx_word' id='word_1_172' title='bbox 541 2321 766 2402; x_wconf 79' lang='lat' dir='ltr'><strong><em>debachantur,</em></strong></span> <span class='ocrx_word' id='word_1_173' title='bbox 790 2317 899 2398; x_wconf 86' lang='lat' dir='ltr'><strong><em>eisque</em></strong></span> <span class='ocrx_word' id='word_1_174' title='bbox 921 2323 954 2385; x_wconf 92' lang='lat' dir='ltr'><strong><em>et</em></strong></span> <span class='ocrx_word' id='word_1_175' title='bbox 976 2337 1085 2385; x_wconf 89' lang='lat' dir='ltr'><strong><em>eorum</em></strong></span> <span class='ocrx_word' id='word_1_176' title='bbox 1107 2319 1197 2386; x_wconf 91' lang='lat' dir='ltr'><strong><em>bonis</em></strong></span> <span class='ocrx_word' id='word_1_177' title='bbox 1212 2319 1448 2402; x_wconf 86' lang='lat' dir='ltr'><strong><em>persecutiones</em></strong></span> 
     </span>
     <span class='ocr_line' id='line_1_23' title="bbox 100 2405 1448 2490; baseline 0.001 -16"><span class='ocrx_word' id='word_1_178' title='bbox 100 2425 138 2474; x_wconf 87' lang='lat' dir='ltr'><strong><em>ac</em></strong></span> <span class='ocrx_word' id='word_1_179' title='bbox 152 2407 290 2474; x_wconf 76' lang='lat' dir='ltr'><strong><em>iniurias</em></strong></span> <span class='ocrx_word' id='word_1_180' title='bbox 304 2405 446 2473; x_wconf 83' lang='lat' dir='ltr'><strong><em>inierunt</em></strong></span> <span class='ocrx_word' id='word_1_181' title='bbox 462 2415 494 2473; x_wconf 91' lang='lat' dir='ltr'><strong><em>et</em></strong></span> <span class='ocrx_word' id='word_1_182' title='bbox 508 2407 656 2490; x_wconf 75' lang='lat' dir='ltr'><strong><em>iacturas,</em></strong></span> <span class='ocrx_word' id='word_1_183' title='bbox 673 2407 805 2472; x_wconf 89' lang='lat' dir='ltr'><strong><em>nimium</em></strong></span> <span class='ocrx_word' id='word_1_184' title='bbox 823 2406 925 2472; x_wconf 83' lang='lat' dir='ltr'><strong><em>vicina</em></strong></span> <span class='ocrx_word' id='word_1_185' title='bbox 940 2405 1098 2490; x_wconf 83' lang='lat' dir='ltr'><strong><em>existeret,</em></strong></span> <span class='ocrx_word' id='word_1_186' title='bbox 1115 2407 1263 2488; x_wconf 88' lang='lat' dir='ltr'><strong><em>quodque</em></strong></span> <span class='ocrx_word' id='word_1_187' title='bbox 1279 2412 1448 2490; x_wconf 89' lang='lat' dir='ltr'><strong><em>propterea</em></strong></span> 
     </span>
     <span class='ocr_line' id='line_1_24' title="bbox 100 2491 1447 2577; baseline 0 -16"><span class='ocrx_word' id='word_1_188' title='bbox 100 2493 156 2574; x_wconf 84' lang='lat' dir='ltr'><strong><em>eis,</em></strong></span> <span class='ocrx_word' id='word_1_189' title='bbox 182 2500 218 2560; x_wconf 88' lang='lat' dir='ltr'><strong><em>at</em></strong></span> <span class='ocrx_word' id='word_1_190' title='bbox 247 2495 320 2561; x_wconf 88' lang='lat' dir='ltr'><strong><em>aliis</em></strong></span> <span class='ocrx_word' id='word_1_191' title='bbox 349 2495 389 2560; x_wconf 86' lang='lat' dir='ltr'><strong><em>ad</em></strong></span> <span class='ocrx_word' id='word_1_192' title='bbox 420 2494 581 2562; x_wconf 87' lang='lat' dir='ltr'><strong><em>civitatem</em></strong></span> <span class='ocrx_word' id='word_1_193' title='bbox 610 2495 712 2576; x_wconf 89' lang='lat' dir='ltr'><strong><em>ipsum</em></strong></span> <span class='ocrx_word' id='word_1_194' title='bbox 734 2498 767 2560; x_wconf 92' lang='lat' dir='ltr'><strong><em>et</em></strong></span> <span class='ocrx_word' id='word_1_195' title='bbox 793 2498 901 2577; x_wconf 86' lang='lat' dir='ltr'><strong><em>partes</em></strong></span> <span class='ocrx_word' id='word_1_196' title='bbox 932 2491 1082 2561; x_wconf 86' lang='lat' dir='ltr'><strong><em>finitimas</em></strong></span> <span class='ocrx_word' id='word_1_197' title='bbox 1105 2512 1161 2575; x_wconf 90' lang='lat' dir='ltr'><strong><em>pro</em></strong></span> <span class='ocrx_word' id='word_1_198' title='bbox 1187 2499 1329 2576; x_wconf 88' lang='lat' dir='ltr'><strong><em>tempore</em></strong></span> <span class='ocrx_word' id='word_1_199' title='bbox 1351 2493 1447 2561; x_wconf 90' lang='lat' dir='ltr'><strong><em>decli·</em></strong></span> 
     </span>
     <span class='ocr_line' id='line_1_25' title="bbox 100 2579 1447 2665; baseline 0.002 -20"><span class='ocrx_word' id='word_1_200' title='bbox 100 2581 255 2648; x_wconf 85' lang='lat' dir='ltr'><strong><em>nantibus</em></strong></span> <span class='ocrx_word' id='word_1_201' title='bbox 276 2581 490 2660; x_wconf 75' lang='lat' dir='ltr'><strong><em>dimouenda</em></strong></span> <span class='ocrx_word' id='word_1_202' title='bbox 514 2581 676 2665; x_wconf 80' lang='lat' dir='ltr'><strong><em>predando</em></strong></span> <span class='ocrx_word' id='word_1_203' title='bbox 699 2588 732 2648; x_wconf 87' lang='lat' dir='ltr'><strong><em>et</em></strong></span> <span class='ocrx_word' id='word_1_204' title='bbox 753 2579 939 2665; x_wconf 82' lang='lat' dir='ltr'><strong><em>expoliendo</em></strong></span> <span class='ocrx_word' id='word_1_205' title='bbox 961 2581 1067 2648; x_wconf 82' lang='lat' dir='ltr'><strong><em>varias</em></strong></span> <span class='ocrx_word' id='word_1_206' title='bbox 1081 2581 1315 2662; x_wconf 86' lang='lat' dir='ltr'><strong><em>persecutiones</em></strong></span> <span class='ocrx_word' id='word_1_207' title='bbox 1331 2586 1363 2646; x_wconf 88' lang='lat' dir='ltr'><strong><em>et</em></strong></span> <span class='ocrx_word' id='word_1_208' title='bbox 1382 2599 1447 2648; x_wconf 77' lang='lat' dir='ltr'><strong><em>ma</em></strong></span> 
     </span>
     <span class='ocr_line' id='line_1_26' title="bbox 99 2667 1447 2750; baseline 0.001 -16"><span class='ocrx_word' id='word_1_209' title='bbox 99 2667 214 2736; x_wconf 83' lang='lat' dir='ltr'><strong><em>laetias</em></strong></span> <span class='ocrx_word' id='word_1_210' title='bbox 247 2668 435 2749; x_wconf 77' lang='lat' dir='ltr'><strong><em>inferebant,</em></strong></span> <span class='ocrx_word' id='word_1_211' title='bbox 466 2670 668 2736; x_wconf 88' lang='lat' dir='ltr'><strong><em>intendentes</em></strong></span> <span class='ocrx_word' id='word_1_212' title='bbox 697 2688 742 2749; x_wconf 90' lang='lat' dir='ltr'><strong><em>se,</em></strong></span> <span class='ocrx_word' id='word_1_213' title='bbox 777 2673 931 2750; x_wconf 89' lang='lat' dir='ltr'><strong><em>quantum</em></strong></span> <span class='ocrx_word' id='word_1_214' title='bbox 963 2667 997 2734; x_wconf 92' lang='lat' dir='ltr'><strong><em>in</em></strong></span> <span class='ocrx_word' id='word_1_215' title='bbox 1030 2667 1076 2735; x_wconf 88' lang='lat' dir='ltr'><strong><em>eis</em></strong></span> <span class='ocrx_word' id='word_1_216' title='bbox 1099 2672 1178 2746; x_wconf 89' lang='lat' dir='ltr'><strong><em>erat,</em></strong></span> <span class='ocrx_word' id='word_1_217' title='bbox 1202 2669 1243 2736; x_wconf 88' lang='lat' dir='ltr'><strong><em>ab</em></strong></span> <span class='ocrx_word' id='word_1_218' title='bbox 1265 2667 1447 2736; x_wconf 86' lang='lat' dir='ltr'><strong><em>huiusmodi</em></strong></span> 
     </span>
     <span class='ocr_line' id='line_1_27' title="bbox 98 2753 1447 2840; baseline -0.001 -16"><span class='ocrx_word' id='word_1_219' title='bbox 98 2756 323 2825; x_wconf 78' lang='lat' dir='ltr'><strong><em>vexationibus</em></strong></span> <span class='ocrx_word' id='word_1_220' title='bbox 344 2753 491 2837; x_wconf 81' lang='lat' dir='ltr'><strong><em>liberere,</em></strong></span> <span class='ocrx_word' id='word_1_221' title='bbox 525 2762 557 2822; x_wconf 91' lang='lat' dir='ltr'><strong><em>et</em></strong></span> <span class='ocrx_word' id='word_1_222' title='bbox 579 2757 621 2822; x_wconf 85' lang='lat' dir='ltr'><strong><em>sd</em></strong></span> <span class='ocrx_word' id='word_1_223' title='bbox 642 2755 783 2840; x_wconf 87' lang='lat' dir='ltr'><strong><em>ipsorum</em></strong></span> <span class='ocrx_word' id='word_1_224' title='bbox 805 2754 979 2822; x_wconf 88' lang='lat' dir='ltr'><strong><em>infidelium</em></strong></span> <span class='ocrx_word' id='word_1_225' title='bbox 1005 2755 1228 2836; x_wconf 78' lang='lat' dir='ltr'><strong><em>temeritatem,</em></strong></span> <span class='ocrx_word' id='word_1_226' title='bbox 1251 2754 1391 2822; x_wconf 90' lang='lat' dir='ltr'><strong><em>furorem</em></strong></span> <span class='ocrx_word' id='word_1_227' title='bbox 1414 2761 1447 2822; x_wconf 89' lang='lat' dir='ltr'><strong><em>et</em></strong></span> 
     </span>
     <span class='ocr_line' id='line_1_28' title="bbox 98 2840 1445 2926; baseline 0 -16"><span class='ocrx_word' id='word_1_228' title='bbox 98 2843 227 2910; x_wconf 82' lang='lat' dir='ltr'><strong><em>rabiem</em></strong></span> <span class='ocrx_word' id='word_1_229' title='bbox 249 2842 516 2926; x_wconf 83' lang='lat' dir='ltr'><strong><em>comprimendum</em></strong></span> <span class='ocrx_word' id='word_1_230' title='bbox 544 2841 654 2910; x_wconf 89' lang='lat' dir='ltr'><strong><em>multis</em></strong></span> <span class='ocrx_word' id='word_1_231' title='bbox 685 2862 891 2926; x_wconf 78' lang='lat' dir='ltr'><strong><em>expensarum</em></strong></span> <span class='ocrx_word' id='word_1_232' title='bbox 912 2840 1085 2926; x_wconf 89' lang='lat' dir='ltr'><strong><em>profluviis,</em></strong></span> <span class='ocrx_word' id='word_1_233' title='bbox 1113 2842 1309 2924; x_wconf 83' lang='lat' dir='ltr'><strong><em>diversisque</em></strong></span> <span class='ocrx_word' id='word_1_234' title='bbox 1333 2842 1390 2910; x_wconf 88' lang='lat' dir='ltr'><strong><em>viis</em></strong></span> <span class='ocrx_word' id='word_1_235' title='bbox 1412 2848 1445 2910; x_wconf 89' lang='lat' dir='ltr'><strong><em>et</em></strong></span> 
     </span>
     <span class='ocr_line' id='line_1_29' title="bbox 98 2927 1446 3016; baseline -0.001 -18"><span class='ocrx_word' id='word_1_236' title='bbox 98 2929 204 2998; x_wconf 89' lang='lat' dir='ltr'><strong><em>modis</em></strong></span> <span class='ocrx_word' id='word_1_237' title='bbox 225 2929 429 3016; x_wconf 73' lang='lat' dir='ltr'><strong><em>salumnbue,</em></strong></span> <span class='ocrx_word' id='word_1_238' title='bbox 452 2929 664 2998; x_wconf 79' lang='lat' dir='ltr'><strong><em>mediantibus</em></strong></span> <span class='ocrx_word' id='word_1_239' title='bbox 694 2931 790 2998; x_wconf 87' lang='lat' dir='ltr'><strong><em>etiam</em></strong></span> <span class='ocrx_word' id='word_1_240' title='bbox 820 2929 944 2996; x_wconf 85' lang='lat' dir='ltr'><strong><em>dilectis</em></strong></span> <span class='ocrx_word' id='word_1_241' title='bbox 965 2927 1048 3008; x_wconf 85' lang='lat' dir='ltr'><strong><em>filiis,</em></strong></span> <span class='ocrx_word' id='word_1_242' title='bbox 1071 2928 1222 2998; x_wconf 86' lang='lat' dir='ltr'><strong><em>iratribus</em></strong></span> <span class='ocrx_word' id='word_1_243' title='bbox 1244 2929 1365 2998; x_wconf 84' lang='lat' dir='ltr'><strong><em>ordinis</em></strong></span> <span class='ocrx_word' id='word_1_244' title='bbox 1387 2931 1446 2996; x_wconf 90' lang='lat' dir='ltr'><strong><em>mi·</em></strong></span> 
     </span>
     <span class='ocr_line' id='line_1_30' title="bbox 98 3015 1444 3102; baseline 0 -18"><span class='ocrx_word' id='word_1_245' title='bbox 98 3035 215 3084; x_wconf 89' lang='lat' dir='ltr'><strong><em>norum</em></strong></span> <span class='ocrx_word' id='word_1_246' title='bbox 237 3017 278 3086; x_wconf 90' lang='lat' dir='ltr'><strong><em>de</em></strong></span> <span class='ocrx_word' id='word_1_247' title='bbox 300 3017 417 3084; x_wconf 74' lang='lat' dir='ltr'><strong><em>vicarm</em></strong></span> <span class='ocrx_word' id='word_1_248' title='bbox 439 3017 552 3096; x_wconf 85' lang='lat' dir='ltr'><strong><em>Besae,</em></strong></span> <span class='ocrx_word' id='word_1_249' title='bbox 575 3019 609 3083; x_wconf 91' lang='lat' dir='ltr'><strong><em>in</em></strong></span> <span class='ocrx_word' id='word_1_250' title='bbox 631 3016 696 3084; x_wconf 90' lang='lat' dir='ltr'><strong><em>illis</em></strong></span> <span class='ocrx_word' id='word_1_251' title='bbox 718 3019 862 3102; x_wconf 88' lang='lat' dir='ltr'><strong><em>partibus</em></strong></span> <span class='ocrx_word' id='word_1_252' title='bbox 876 3016 1097 3096; x_wconf 87' lang='lat' dir='ltr'><strong><em>residentibus,</em></strong></span> <span class='ocrx_word' id='word_1_253' title='bbox 1114 3018 1167 3099; x_wconf 88' lang='lat' dir='ltr'><strong><em>qui</em></strong></span> <span class='ocrx_word' id='word_1_254' title='bbox 1190 3035 1247 3100; x_wconf 91' lang='lat' dir='ltr'><strong><em>per</em></strong></span> <span class='ocrx_word' id='word_1_255' title='bbox 1261 3015 1444 3100; x_wconf 83' lang='lat' dir='ltr'><strong><em>evangelice</em></strong></span> 
     </span>
     <span class='ocr_line' id='line_1_31' title="bbox 98 3101 1447 3188; baseline -0.001 -17"><span class='ocrx_word' id='word_1_256' title='bbox 98 3105 247 3172; x_wconf 90' lang='lat' dir='ltr'><strong><em>doctrine</em></strong></span> <span class='ocrx_word' id='word_1_257' title='bbox 270 3103 493 3188; x_wconf 74' lang='lat' dir='ltr'><strong><em>predicationis</em></strong></span> <span class='ocrx_word' id='word_1_258' title='bbox 514 3104 724 3172; x_wconf 87' lang='lat' dir='ltr'><strong><em>ministerium</em></strong></span> <span class='ocrx_word' id='word_1_259' title='bbox 756 3106 797 3172; x_wconf 87' lang='lat' dir='ltr'><strong><em>ad</em></strong></span> <span class='ocrx_word' id='word_1_260' title='bbox 827 3103 921 3172; x_wconf 86' lang='lat' dir='ltr'><strong><em>fidem</em></strong></span> <span class='ocrx_word' id='word_1_261' title='bbox 944 3101 1064 3170; x_wconf 85' lang='lat' dir='ltr'><strong><em>Christi</em></strong></span> <span class='ocrx_word' id='word_1_262' title='bbox 1086 3108 1119 3170; x_wconf 90' lang='lat' dir='ltr'><strong><em>et</em></strong></span> <span class='ocrx_word' id='word_1_263' title='bbox 1142 3104 1247 3170; x_wconf 78' lang='lat' dir='ltr'><strong><em>diruis</em></strong></span> <span class='ocrx_word' id='word_1_264' title='bbox 1269 3103 1447 3170; x_wconf 83' lang='lat' dir='ltr'><strong><em>maiestatis</em></strong></span> 
     </span>
     <span class='ocr_line' id='line_1_32' title="bbox 98 3190 1445 3274; baseline -0.001 -16"><span class='ocrx_word' id='word_1_265' title='bbox 98 3191 255 3274; x_wconf 88' lang='lat' dir='ltr'><strong><em>obsequia</em></strong></span> <span class='ocrx_word' id='word_1_266' title='bbox 278 3192 406 3258; x_wconf 86' lang='lat' dir='ltr'><strong><em>eosdem</em></strong></span> <span class='ocrx_word' id='word_1_267' title='bbox 428 3190 572 3260; x_wconf 89' lang='lat' dir='ltr'><strong><em>infideles</em></strong></span> <span class='ocrx_word' id='word_1_268' title='bbox 594 3191 628 3258; x_wconf 91' lang='lat' dir='ltr'><strong><em>in</em></strong></span> <span class='ocrx_word' id='word_1_269' title='bbox 651 3191 734 3259; x_wconf 87' lang='lat' dir='ltr'><strong><em>viam</em></strong></span> <span class='ocrx_word' id='word_1_270' title='bbox 756 3191 870 3258; x_wconf 78' lang='lat' dir='ltr'><strong><em>salutis</em></strong></span> <span class='ocrx_word' id='word_1_271' title='bbox 893 3197 1001 3258; x_wconf 89' lang='lat' dir='ltr'><strong><em>eterne</em></strong></span> <span class='ocrx_word' id='word_1_272' title='bbox 1029 3191 1171 3274; x_wconf 79' lang='lat' dir='ltr'><strong><em>dirigunt</em></strong></span> <span class='ocrx_word' id='word_1_273' title='bbox 1194 3195 1226 3257; x_wconf 90' lang='lat' dir='ltr'><strong><em>et</em></strong></span> <span class='ocrx_word' id='word_1_274' title='bbox 1248 3195 1445 3272; x_wconf 89' lang='lat' dir='ltr'><strong><em>convertunt,</em></strong></span> 
     </span>
     <span class='ocr_line' id='line_1_33' title="bbox 99 3277 1445 3362; baseline -0.001 -17"><span class='ocrx_word' id='word_1_275' title='bbox 99 3280 219 3362; x_wconf 89' lang='lat' dir='ltr'><strong><em>quibus</em></strong></span> <span class='ocrx_word' id='word_1_276' title='bbox 243 3279 340 3346; x_wconf 89' lang='lat' dir='ltr'><strong><em>etiam</em></strong></span> <span class='ocrx_word' id='word_1_277' title='bbox 369 3278 465 3346; x_wconf 90' lang='lat' dir='ltr'><strong><em>iidem</em></strong></span> <span class='ocrx_word' id='word_1_278' title='bbox 493 3284 606 3360; x_wconf 90' lang='lat' dir='ltr'><strong><em>rector,</em></strong></span> <span class='ocrx_word' id='word_1_279' title='bbox 639 3277 804 3346; x_wconf 86' lang='lat' dir='ltr'><strong><em>consilium</em></strong></span> <span class='ocrx_word' id='word_1_280' title='bbox 837 3284 869 3344; x_wconf 90' lang='lat' dir='ltr'><strong><em>et</em></strong></span> <span class='ocrx_word' id='word_1_281' title='bbox 891 3277 1090 3359; x_wconf 79' lang='lat' dir='ltr'><strong><em>universitas,</em></strong></span> <span class='ocrx_word' id='word_1_282' title='bbox 1114 3282 1151 3342; x_wconf 93' lang='lat' dir='ltr'><strong><em>nt</em></strong></span> <span class='ocrx_word' id='word_1_283' title='bbox 1172 3278 1348 3344; x_wconf 84' lang='lat' dir='ltr'><strong><em>terrentius</em></strong></span> <span class='ocrx_word' id='word_1_284' title='bbox 1371 3278 1445 3346; x_wconf 90' lang='lat' dir='ltr'><strong><em>insi-</em></strong></span> 
     </span>
     <span class='ocr_line' id='line_1_34' title="bbox 98 3365 1444 3452; baseline -0.001 -19"><span class='ocrx_word' id='word_1_285' title='bbox 98 3370 198 3442; x_wconf 76' lang='lat' dir='ltr'><strong><em>stent,</em></strong></span> <span class='ocrx_word' id='word_1_286' title='bbox 222 3371 290 3435; x_wconf 77' lang='lat' dir='ltr'><strong><em>tam</em></strong></span> <span class='ocrx_word' id='word_1_287' title='bbox 311 3365 481 3436; x_wconf 85' lang='lat' dir='ltr'><strong><em>fructuosis</em></strong></span> <span class='ocrx_word' id='word_1_288' title='bbox 503 3367 651 3452; x_wconf 91' lang='lat' dir='ltr'><strong><em>operibus</em></strong></span> <span class='ocrx_word' id='word_1_289' title='bbox 674 3367 714 3432; x_wconf 91' lang='lat' dir='ltr'><strong><em>de</em></strong></span> <span class='ocrx_word' id='word_1_290' title='bbox 737 3365 862 3448; x_wconf 88' lang='lat' dir='ltr'><strong><em>publico</em></strong></span> <span class='ocrx_word' id='word_1_291' title='bbox 878 3367 1029 3434; x_wconf 85' lang='lat' dir='ltr'><strong><em>alimenta</em></strong></span> <span class='ocrx_word' id='word_1_292' title='bbox 1047 3365 1191 3432; x_wconf 89' lang='lat' dir='ltr'><strong><em>tribuunt</em></strong></span> <span class='ocrx_word' id='word_1_293' title='bbox 1204 3370 1238 3432; x_wconf 88' lang='lat' dir='ltr'><strong><em>et</em></strong></span> <span class='ocrx_word' id='word_1_294' title='bbox 1252 3365 1444 3450; x_wconf 87' lang='lat' dir='ltr'><strong><em>ministrant,</em></strong></span> 
     </span>
     <span class='ocr_line' id='line_1_35' title="bbox 13 3451 1481 3538; baseline 0 -18"><span class='ocrx_word' id='word_1_295' title='bbox 13 3455 14 3474; x_wconf 35' lang='lat' dir='ltr'><strong><em>l</em></strong></span> <span class='ocrx_word' id='word_1_296' title='bbox 97 3453 257 3538; x_wconf 84' lang='lat' dir='ltr'><strong><em>pluraque</em></strong></span> <span class='ocrx_word' id='word_1_297' title='bbox 281 3451 432 3522; x_wconf 79' lang='lat' dir='ltr'><strong><em>emlesias</em></strong></span> <span class='ocrx_word' id='word_1_298' title='bbox 454 3459 487 3520; x_wconf 91' lang='lat' dir='ltr'><strong><em>et</em></strong></span> <span class='ocrx_word' id='word_1_299' title='bbox 508 3453 579 3522; x_wconf 86' lang='lat' dir='ltr'><strong><em>loca</em></strong></span> <span class='ocrx_word' id='word_1_300' title='bbox 601 3472 658 3538; x_wconf 89' lang='lat' dir='ltr'><strong><em>pro</em></strong></span> <span class='ocrx_word' id='word_1_301' title='bbox 687 3453 827 3537; x_wconf 86' lang='lat' dir='ltr'><strong><em>ipsorum</em></strong></span> <span class='ocrx_word' id='word_1_302' title='bbox 851 3473 910 3520; x_wconf 90' lang='lat' dir='ltr'><strong><em>usu</em></strong></span> <span class='ocrx_word' id='word_1_303' title='bbox 940 3459 973 3520; x_wconf 91' lang='lat' dir='ltr'><strong><em>et</em></strong></span> <span class='ocrx_word' id='word_1_304' title='bbox 995 3453 1192 3520; x_wconf 87' lang='lat' dir='ltr'><strong><em>habitatione</em></strong></span> <span class='ocrx_word' id='word_1_305' title='bbox 1214 3470 1252 3519; x_wconf 90' lang='lat' dir='ltr'><strong><em>ac</em></strong></span> <span class='ocrx_word' id='word_1_306' title='bbox 1273 3452 1446 3520; x_wconf 84' lang='lat' dir='ltr'><strong><em>orthodoxe</em></strong></span> <span class='ocrx_word' id='word_1_307' title='bbox 1477 3457 1481 3464; x_wconf 85' lang='lat'>&#39;</span> 
     </span>
     <span class='ocr_line' id='line_1_36' title="bbox 13 3539 1445 3623; baseline 0 -15"><span class='ocrx_word' id='word_1_308' title='bbox 13 3571 14 3576; x_wconf 40' lang='lat'>¹</span> <span class='ocrx_word' id='word_1_309' title='bbox 96 3540 176 3608; x_wconf 90' lang='lat' dir='ltr'><strong><em>fidei</em></strong></span> <span class='ocrx_word' id='word_1_310' title='bbox 198 3540 381 3609; x_wconf 86' lang='lat' dir='ltr'><strong><em>defensione</em></strong></span> <span class='ocrx_word' id='word_1_311' title='bbox 404 3545 437 3606; x_wconf 89' lang='lat' dir='ltr'><strong><em>et</em></strong></span> <span class='ocrx_word' id='word_1_312' title='bbox 458 3541 652 3608; x_wconf 82' lang='lat' dir='ltr'><strong><em>incrementa</em></strong></span> <span class='ocrx_word' id='word_1_313' title='bbox 674 3542 797 3623; x_wconf 82' lang='lat' dir='ltr'><strong><em>magnis</em></strong></span> <span class='ocrx_word' id='word_1_314' title='bbox 820 3539 997 3622; x_wconf 89' lang='lat' dir='ltr'><strong><em>sumptibus</em></strong></span> <span class='ocrx_word' id='word_1_315' title='bbox 1023 3545 1056 3607; x_wconf 88' lang='lat' dir='ltr'><strong><em>et</em></strong></span> <span class='ocrx_word' id='word_1_316' title='bbox 1077 3539 1239 3608; x_wconf 88' lang='lat' dir='ltr'><strong><em>laboribus</em></strong></span> <span class='ocrx_word' id='word_1_317' title='bbox 1262 3547 1445 3608; x_wconf 84' lang='lat' dir='ltr'><strong><em>construxe-</em></strong></span> 
     </span>
     <span class='ocr_line' id='line_1_37' title="bbox 96 3627 1446 3716; baseline -0.003 -20"><span class='ocrx_word' id='word_1_318' title='bbox 96 3634 177 3696; x_wconf 88' lang='lat' dir='ltr'><strong><em>runt</em></strong></span> <span class='ocrx_word' id='word_1_319' title='bbox 199 3633 233 3694; x_wconf 90' lang='lat' dir='ltr'><strong><em>et</em></strong></span> <span class='ocrx_word' id='word_1_320' title='bbox 254 3629 350 3696; x_wconf 86' lang='lat' dir='ltr'><strong><em>etiam</em></strong></span> <span class='ocrx_word' id='word_1_321' title='bbox 373 3633 604 3716; x_wconf 86' lang='lat' dir='ltr'><strong><em>concesserunt,</em></strong></span> <span class='ocrx_word' id='word_1_322' title='bbox 628 3627 807 3696; x_wconf 88' lang='lat' dir='ltr'><strong><em>huiusmodi</em></strong></span> <span class='ocrx_word' id='word_1_323' title='bbox 828 3627 1002 3696; x_wconf 88' lang='lat' dir='ltr'><strong><em>infidebum</em></strong></span> <span class='ocrx_word' id='word_1_324' title='bbox 1024 3627 1094 3693; x_wconf 90' lang='lat' dir='ltr'><strong><em>loca</em></strong></span> <span class='ocrx_word' id='word_1_325' title='bbox 1116 3627 1163 3694; x_wconf 86' lang='lat' dir='ltr'><strong><em>eis</em></strong></span> <span class='ocrx_word' id='word_1_326' title='bbox 1185 3629 1363 3710; x_wconf 91' lang='lat' dir='ltr'><strong><em>propinqua</em></strong></span> <span class='ocrx_word' id='word_1_327' title='bbox 1385 3627 1446 3694; x_wconf 91' lang='lat' dir='ltr'><strong><em>sibi</em></strong></span> 
     </span>
     <span class='ocr_line' id='line_1_38' title="bbox 96 3713 1445 3800; baseline 0 -18"><span class='ocrx_word' id='word_1_328' title='bbox 96 3715 216 3783; x_wconf 88' lang='lat' dir='ltr'><strong><em>subiici</em></strong></span> <span class='ocrx_word' id='word_1_329' title='bbox 238 3721 458 3800; x_wconf 85' lang='lat' dir='ltr'><strong><em>procurarunt,</em></strong></span> <span class='ocrx_word' id='word_1_330' title='bbox 483 3721 516 3782; x_wconf 90' lang='lat' dir='ltr'><strong><em>et</em></strong></span> <span class='ocrx_word' id='word_1_331' title='bbox 537 3721 707 3800; x_wconf 87' lang='lat' dir='ltr'><strong><em>procurant</em></strong></span> <span class='ocrx_word' id='word_1_332' title='bbox 729 3716 825 3785; x_wconf 90' lang='lat' dir='ltr'><strong><em>etiam</em></strong></span> <span class='ocrx_word' id='word_1_333' title='bbox 848 3717 887 3782; x_wconf 88' lang='lat' dir='ltr'><strong><em>de</em></strong></span> <span class='ocrx_word' id='word_1_334' title='bbox 909 3715 1047 3799; x_wconf 87' lang='lat' dir='ltr'><strong><em>presenti</em></strong></span> <span class='ocrx_word' id='word_1_335' title='bbox 1069 3713 1164 3782; x_wconf 90' lang='lat' dir='ltr'><strong><em>nullis</em></strong></span> <span class='ocrx_word' id='word_1_336' title='bbox 1186 3717 1343 3798; x_wconf 87' lang='lat' dir='ltr'><strong><em>parcendo</em></strong></span> <span class='ocrx_word' id='word_1_337' title='bbox 1357 3713 1445 3782; x_wconf 86' lang='lat' dir='ltr'><strong><em>labo·</em></strong></span> 
     </span>
     <span class='ocr_line' id='line_1_39' title="bbox 95 3801 1444 3888; baseline -0.001 -20"><span class='ocrx_word' id='word_1_338' title='bbox 95 3803 188 3871; x_wconf 79' lang='lat' dir='ltr'><strong><em>ribus</em></strong></span> <span class='ocrx_word' id='word_1_339' title='bbox 211 3801 262 3870; x_wconf 86' lang='lat' dir='ltr'><strong><em>vel</em></strong></span> <span class='ocrx_word' id='word_1_340' title='bbox 284 3801 445 3888; x_wconf 81' lang='lat' dir='ltr'><strong><em>impensis.</em></strong></span> <span class='ocrx_word' id='word_1_341' title='bbox 476 3803 520 3870; x_wconf 85' lang='lat' dir='ltr'><strong><em>Et</em></strong></span> <span class='ocrx_word' id='word_1_342' title='bbox 549 3803 625 3872; x_wconf 89' lang='lat' dir='ltr'><strong><em>licet</em></strong></span> <span class='ocrx_word' id='word_1_343' title='bbox 658 3807 729 3886; x_wconf 89' lang='lat' dir='ltr'><strong><em>post</em></strong></span> <span class='ocrx_word' id='word_1_344' title='bbox 751 3801 959 3886; x_wconf 83' lang='lat' dir='ltr'><strong><em>provisionem</em></strong></span> <span class='ocrx_word' id='word_1_345' title='bbox 989 3802 1171 3868; x_wconf 88' lang='lat' dir='ltr'><strong><em>huiusmodi</em></strong></span> <span class='ocrx_word' id='word_1_346' title='bbox 1193 3802 1309 3886; x_wconf 86' lang='lat' dir='ltr'><strong><em>prefati</em></strong></span> <span class='ocrx_word' id='word_1_347' title='bbox 1331 3806 1444 3883; x_wconf 87' lang='lat' dir='ltr'><strong><em>rector,</em></strong></span> 
     </span>
     <span class='ocr_line' id='line_1_40' title="bbox 95 3887 1445 3973; baseline -0.003 -15"><span class='ocrx_word' id='word_1_348' title='bbox 95 3887 268 3958; x_wconf 87' lang='lat' dir='ltr'><strong><em>consilium</em></strong></span> <span class='ocrx_word' id='word_1_349' title='bbox 298 3896 331 3959; x_wconf 89' lang='lat' dir='ltr'><strong><em>et</em></strong></span> <span class='ocrx_word' id='word_1_350' title='bbox 360 3891 551 3958; x_wconf 81' lang='lat' dir='ltr'><strong><em>universitas</em></strong></span> <span class='ocrx_word' id='word_1_351' title='bbox 580 3891 620 3958; x_wconf 81' lang='lat' dir='ltr'><strong><em>sb</em></strong></span> <span class='ocrx_word' id='word_1_352' title='bbox 651 3889 727 3964; x_wconf 86' lang='lat' dir='ltr'><strong><em>olim</em></strong></span> <span class='ocrx_word' id='word_1_353' title='bbox 760 3891 895 3973; x_wconf 86' lang='lat' dir='ltr'><strong><em>quedam</em></strong></span> <span class='ocrx_word' id='word_1_354' title='bbox 928 3887 1007 3970; x_wconf 88' lang='lat' dir='ltr'><strong><em>locu,</em></strong></span> <span class='ocrx_word' id='word_1_355' title='bbox 1037 3907 1135 3956; x_wconf 91' lang='lat' dir='ltr'><strong><em>unum</em></strong></span> <span class='ocrx_word' id='word_1_356' title='bbox 1163 3890 1248 3958; x_wconf 88' lang='lat' dir='ltr'><strong><em>iuter</em></strong></span> <span class='ocrx_word' id='word_1_357' title='bbox 1277 3894 1383 3957; x_wconf 84' lang='lat' dir='ltr'><strong><em>cetere</em></strong></span> <span class='ocrx_word' id='word_1_358' title='bbox 1406 3907 1445 3954; x_wconf 88' lang='lat' dir='ltr'><strong><em>ex</em></strong></span> 
     </span>
     <span class='ocr_line' id='line_1_41' title="bbox 13 3975 1445 4060; baseline 0.003 -22"><span class='ocrx_word' id='word_1_359' title='bbox 13 4035 14 4038; x_wconf 74' lang='grc'>,</span> <span class='ocrx_word' id='word_1_360' title='bbox 95 3975 179 4046; x_wconf 90' lang='lat' dir='ltr'><strong><em>locis</em></strong></span> <span class='ocrx_word' id='word_1_361' title='bbox 201 3977 322 4046; x_wconf 88' lang='lat' dir='ltr'><strong><em>eisdem</em></strong></span> <span class='ocrx_word' id='word_1_362' title='bbox 343 3977 446 4046; x_wconf 87' lang='lat' dir='ltr'><strong><em>Penta</em></strong></span> <span class='ocrx_word' id='word_1_363' title='bbox 468 3977 580 4060; x_wconf 80' lang='lat' dir='ltr'><strong><em>Stagni</em></strong></span> <span class='ocrx_word' id='word_1_364' title='bbox 602 3977 810 4044; x_wconf 89' lang='lat' dir='ltr'><strong><em>communiter</em></strong></span> <span class='ocrx_word' id='word_1_365' title='bbox 826 3983 1051 4059; x_wconf 83' lang='lat' dir='ltr'><strong><em>nuncupatum,</em></strong></span> <span class='ocrx_word' id='word_1_366' title='bbox 1066 3977 1253 4044; x_wconf 83' lang='lat' dir='ltr'><strong><em>intremere</em></strong></span> <span class='ocrx_word' id='word_1_367' title='bbox 1271 3977 1445 4043; x_wconf 89' lang='lat' dir='ltr'><strong><em>consistan-</em></strong></span> 
     </span>
     <span class='ocr_line' id='line_1_42' title="bbox 96 4063 1444 4150; baseline 0.001 -20"><span class='ocrx_word' id='word_1_368' title='bbox 96 4071 176 4150; x_wconf 69' lang='lat' dir='ltr'><strong><em>tem</em></strong></span> <span class='ocrx_word' id='word_1_369' title='bbox 207 4065 311 4134; x_wconf 69' lang='lat' dir='ltr'><strong><em>udam</em></strong></span> <span class='ocrx_word' id='word_1_370' title='bbox 333 4065 456 4134; x_wconf 81' lang='lat' dir='ltr'><strong><em>civitati</em></strong></span> <span class='ocrx_word' id='word_1_371' title='bbox 485 4065 713 4135; x_wconf 87' lang='lat' dir='ltr'><strong><em>conterminum</em></strong></span> <span class='ocrx_word' id='word_1_372' title='bbox 746 4069 778 4130; x_wconf 89' lang='lat' dir='ltr'><strong><em>et</em></strong></span> <span class='ocrx_word' id='word_1_373' title='bbox 807 4065 954 4149; x_wconf 89' lang='lat' dir='ltr'><strong><em>primitus</em></strong></span> <span class='ocrx_word' id='word_1_374' title='bbox 977 4065 1130 4140; x_wconf 88' lang='lat' dir='ltr'><strong><em>nocivum,</em></strong></span> <span class='ocrx_word' id='word_1_375' title='bbox 1159 4064 1192 4129; x_wconf 91' lang='lat' dir='ltr'><strong><em>in</em></strong></span> <span class='ocrx_word' id='word_1_376' title='bbox 1216 4083 1276 4147; x_wconf 91' lang='lat' dir='ltr'><strong><em>quo</em></strong></span> <span class='ocrx_word' id='word_1_377' title='bbox 1299 4063 1444 4132; x_wconf 87' lang='lat' dir='ltr'><strong><em>infideles</em></strong></span> 
     </span>
     <span class='ocr_line' id='line_1_43' title="bbox 96 4150 1444 4238; baseline -0.003 -16"><span class='ocrx_word' id='word_1_378' title='bbox 96 4153 162 4222; x_wconf 71' lang='lat' dir='ltr'><strong><em>“si</em></strong></span> <span class='ocrx_word' id='word_1_379' title='bbox 185 4171 242 4238; x_wconf 87' lang='lat' dir='ltr'><strong><em>pro</em></strong></span> <span class='ocrx_word' id='word_1_380' title='bbox 265 4158 407 4235; x_wconf 89' lang='lat' dir='ltr'><strong><em>tempore</em></strong></span> <span class='ocrx_word' id='word_1_381' title='bbox 430 4157 658 4220; x_wconf 81' lang='lat' dir='ltr'><strong><em>commorantes</em></strong></span> <span class='ocrx_word' id='word_1_382' title='bbox 680 4153 775 4230; x_wconf 87' lang='lat' dir='ltr'><strong><em>cives,</em></strong></span> <span class='ocrx_word' id='word_1_383' title='bbox 799 4153 995 4220; x_wconf 83' lang='lat' dir='ltr'><strong><em>habitatores</em></strong></span> <span class='ocrx_word' id='word_1_384' title='bbox 1017 4156 1050 4218; x_wconf 90' lang='lat' dir='ltr'><strong><em>et</em></strong></span> <span class='ocrx_word' id='word_1_385' title='bbox 1072 4150 1191 4218; x_wconf 79' lang='lat' dir='ltr'><strong><em>incolas</em></strong></span> <span class='ocrx_word' id='word_1_386' title='bbox 1214 4152 1351 4218; x_wconf 88' lang='lat' dir='ltr'><strong><em>civitatis</em></strong></span> <span class='ocrx_word' id='word_1_387' title='bbox 1373 4171 1444 4236; x_wconf 89' lang='lat' dir='ltr'><strong><em>pre·</em></strong></span> 
     </span>
     <span class='ocr_line' id='line_1_44' title="bbox 133 4237 1443 4322; baseline -0.003 -14"><span class='ocrx_word' id='word_1_388' title='bbox 133 4244 197 4322; x_wconf 83' lang='lat' dir='ltr'><strong><em>cte,</em></strong></span> <span class='ocrx_word' id='word_1_389' title='bbox 233 4241 364 4322; x_wconf 89' lang='lat' dir='ltr'><strong><em>eiusque</em></strong></span> <span class='ocrx_word' id='word_1_390' title='bbox 397 4239 550 4308; x_wconf 89' lang='lat' dir='ltr'><strong><em>territorii</em></strong></span> <span class='ocrx_word' id='word_1_391' title='bbox 584 4245 617 4306; x_wconf 90' lang='lat' dir='ltr'><strong><em>et</em></strong></span> <span class='ocrx_word' id='word_1_392' title='bbox 647 4240 810 4306; x_wconf 87' lang='lat' dir='ltr'><strong><em>districtus</em></strong></span> <span class='ocrx_word' id='word_1_393' title='bbox 840 4244 872 4306; x_wconf 91' lang='lat' dir='ltr'><strong><em>et</em></strong></span> <span class='ocrx_word' id='word_1_394' title='bbox 902 4237 981 4306; x_wconf 89' lang='lat' dir='ltr'><strong><em>alios</em></strong></span> <span class='ocrx_word' id='word_1_395' title='bbox 1011 4240 1057 4304; x_wconf 91' lang='lat' dir='ltr'><strong><em>eis</em></strong></span> <span class='ocrx_word' id='word_1_396' title='bbox 1088 4239 1231 4306; x_wconf 89' lang='lat' dir='ltr'><strong><em>subditos</em></strong></span> <span class='ocrx_word' id='word_1_397' title='bbox 1257 4245 1443 4320; x_wconf 88' lang='lat' dir='ltr'><strong><em>ceterosque</em></strong></span> 
     </span>
     <span class='ocr_line' id='line_1_45' title="bbox 137 4325 1443 4410; baseline 0 -18"><span class='ocrx_word' id='word_1_398' title='bbox 137 4327 274 4394; x_wconf 83' lang='lat' dir='ltr'><strong><em>thodoxe</em></strong></span> <span class='ocrx_word' id='word_1_399' title='bbox 297 4325 370 4394; x_wconf 87' lang='lat' dir='ltr'><strong><em>fidei</em></strong></span> <span class='ocrx_word' id='word_1_400' title='bbox 391 4326 539 4408; x_wconf 89' lang='lat' dir='ltr'><strong><em>cultores,</em></strong></span> <span class='ocrx_word' id='word_1_401' title='bbox 562 4327 686 4410; x_wconf 88' lang='lat' dir='ltr'><strong><em>quoties</em></strong></span> <span class='ocrx_word' id='word_1_402' title='bbox 709 4345 818 4394; x_wconf 83' lang='lat' dir='ltr'><strong><em>versus</em></strong></span> <span class='ocrx_word' id='word_1_403' title='bbox 840 4325 944 4393; x_wconf 88' lang='lat' dir='ltr'><strong><em>locum</em></strong></span> <span class='ocrx_word' id='word_1_404' title='bbox 968 4326 1072 4408; x_wconf 86' lang='lat' dir='ltr'><strong><em>ipsum</em></strong></span> <span class='ocrx_word' id='word_1_405' title='bbox 1097 4325 1339 4394; x_wconf 83' lang='lat' dir='ltr'><strong><em>transfretantes</em></strong></span> <span class='ocrx_word' id='word_1_406' title='bbox 1358 4331 1443 4392; x_wconf 88' lang='lat' dir='ltr'><strong><em>tran-</em></strong></span> 
     </span>
     <span class='ocr_line' id='line_1_46' title="bbox 133 4411 1444 4498; baseline 0 -20"><span class='ocrx_word' id='word_1_407' title='bbox 133 4431 199 4478; x_wconf 73' lang='lat' dir='ltr'><strong><em>tum</em></strong></span> <span class='ocrx_word' id='word_1_408' title='bbox 222 4412 328 4480; x_wconf 78' lang='lat' dir='ltr'><strong><em>iecere</em></strong></span> <span class='ocrx_word' id='word_1_409' title='bbox 350 4414 538 4497; x_wconf 86' lang='lat' dir='ltr'><strong><em>contigebat,</em></strong></span> <span class='ocrx_word' id='word_1_410' title='bbox 569 4414 745 4498; x_wconf 80' lang='lat' dir='ltr'><strong><em>capiebant,</em></strong></span> <span class='ocrx_word' id='word_1_411' title='bbox 776 4413 963 4495; x_wconf 86' lang='lat' dir='ltr'><strong><em>spoliabant,</em></strong></span> <span class='ocrx_word' id='word_1_412' title='bbox 995 4418 1027 4479; x_wconf 87' lang='lat' dir='ltr'><strong><em>et</em></strong></span> <span class='ocrx_word' id='word_1_413' title='bbox 1049 4413 1145 4480; x_wconf 84' lang='lat' dir='ltr'><strong><em>variis</em></strong></span> <span class='ocrx_word' id='word_1_414' title='bbox 1176 4411 1356 4482; x_wconf 86' lang='lat' dir='ltr'><strong><em>afficiebant</em></strong></span> <span class='ocrx_word' id='word_1_415' title='bbox 1379 4413 1444 4480; x_wconf 88' lang='lat' dir='ltr'><strong><em>viu·</em></strong></span> 
     </span>
     <span class='ocr_line' id='line_1_47' title="bbox 137 4498 1443 4584; baseline 0 -18"><span class='ocrx_word' id='word_1_416' title='bbox 137 4501 218 4582; x_wconf 88' lang='lat' dir='ltr'><strong><em>utiis,</em></strong></span> <span class='ocrx_word' id='word_1_417' title='bbox 248 4501 374 4568; x_wconf 88' lang='lat' dir='ltr'><strong><em>iniuriis</em></strong></span> <span class='ocrx_word' id='word_1_418' title='bbox 406 4505 502 4584; x_wconf 83' lang='lat' dir='ltr'><strong><em>atque</em></strong></span> <span class='ocrx_word' id='word_1_419' title='bbox 532 4501 655 4570; x_wconf 85' lang='lat' dir='ltr'><strong><em>demnis</em></strong></span> <span class='ocrx_word' id='word_1_420' title='bbox 684 4503 808 4569; x_wconf 85' lang='lat' dir='ltr'><strong><em>abano</em></strong></span> <span class='ocrx_word' id='word_1_421' title='bbox 837 4501 940 4568; x_wconf 88' lang='lat' dir='ltr'><strong><em>Bosne</em></strong></span> <span class='ocrx_word' id='word_1_422' title='bbox 970 4507 1002 4568; x_wconf 90' lang='lat' dir='ltr'><strong><em>et</em></strong></span> <span class='ocrx_word' id='word_1_423' title='bbox 1024 4519 1098 4582; x_wconf 80' lang='lat' dir='ltr'><strong><em>rege</em></strong></span> <span class='ocrx_word' id='word_1_424' title='bbox 1129 4501 1250 4580; x_wconf 87' lang='lat' dir='ltr'><strong><em>Ressie,</em></strong></span> <span class='ocrx_word' id='word_1_425' title='bbox 1274 4500 1361 4568; x_wconf 93' lang='lat' dir='ltr'><strong><em>illius</em></strong></span> <span class='ocrx_word' id='word_1_426' title='bbox 1382 4498 1443 4566; x_wconf 89' lang='lat' dir='ltr'><strong><em>loci</em></strong></span> 
     </span>
     <span class='ocr_line' id='line_1_48' title="bbox 133 4587 1443 4672; baseline -0.002 -18"><span class='ocrx_word' id='word_1_427' title='bbox 133 4607 176 4662; x_wconf 86' lang='lat' dir='ltr'><strong><em>uc</em></strong></span> <span class='ocrx_word' id='word_1_428' title='bbox 200 4587 346 4662; x_wconf 82' lang='lat' dir='ltr'><strong><em>dominis,</em></strong></span> <span class='ocrx_word' id='word_1_429' title='bbox 370 4608 432 4656; x_wconf 90' lang='lat' dir='ltr'><strong><em>nou</em></strong></span> <span class='ocrx_word' id='word_1_430' title='bbox 454 4589 574 4672; x_wconf 86' lang='lat' dir='ltr'><strong><em>absque</em></strong></span> <span class='ocrx_word' id='word_1_431' title='bbox 597 4589 746 4670; x_wconf 75' lang='lat' dir='ltr'><strong><em>gravibus</em></strong></span> <span class='ocrx_word' id='word_1_432' title='bbox 767 4589 944 4672; x_wconf 87' lang='lat' dir='ltr'><strong><em>sumptibus</em></strong></span> <span class='ocrx_word' id='word_1_433' title='bbox 968 4594 1001 4656; x_wconf 89' lang='lat' dir='ltr'><strong><em>et</em></strong></span> <span class='ocrx_word' id='word_1_434' title='bbox 1022 4589 1081 4654; x_wconf 90' lang='lat' dir='ltr'><strong><em>sub</em></strong></span> <span class='ocrx_word' id='word_1_435' title='bbox 1096 4593 1183 4656; x_wconf 83' lang='lat' dir='ltr'><strong><em>certa</em></strong></span> <span class='ocrx_word' id='word_1_436' title='bbox 1197 4607 1301 4656; x_wconf 86' lang='lat' dir='ltr'><strong><em>sunna</em></strong></span> <span class='ocrx_word' id='word_1_437' title='bbox 1315 4606 1443 4670; x_wconf 86' lang='lat' dir='ltr'><strong><em>respou-</em></strong></span> 
     </span>
     <span class='ocr_line' id='line_1_49' title="bbox 133 4675 1443 4768; baseline 0.002 -25"><span class='ocrx_word' id='word_1_438' title='bbox 133 4693 189 4755; x_wconf 72' lang='lat' dir='ltr'><strong><em>sue</em></strong></span> <span class='ocrx_word' id='word_1_439' title='bbox 215 4675 359 4760; x_wconf 86' lang='lat' dir='ltr'><strong><em>pecunie,</em></strong></span> <span class='ocrx_word' id='word_1_440' title='bbox 381 4693 442 4762; x_wconf 84' lang='lat' dir='ltr'><strong><em>que</em></strong></span> <span class='ocrx_word' id='word_1_441' title='bbox 464 4675 568 4746; x_wconf 83' lang='lat' dir='ltr'><strong><em>abhuc</em></strong></span> <span class='ocrx_word' id='word_1_442' title='bbox 586 4675 650 4746; x_wconf 90' lang='lat' dir='ltr'><strong><em>illis</em></strong></span> <span class='ocrx_word' id='word_1_443' title='bbox 672 4675 863 4768; x_wconf 83' lang='lat' dir='ltr'><strong><em>persolvitur</em></strong></span> <span class='ocrx_word' id='word_1_444' title='bbox 885 4676 1058 4756; x_wconf 72' lang='lat' dir='ltr'><strong><em>amussim,</em></strong></span> <span class='ocrx_word' id='word_1_445' title='bbox 1081 4676 1285 4749; x_wconf 85' lang='lat' dir='ltr'><strong><em>obtinuerunt</em></strong></span> <span class='ocrx_word' id='word_1_446' title='bbox 1300 4681 1332 4748; x_wconf 88' lang='lat' dir='ltr'><strong><em>et</em></strong></span> <span class='ocrx_word' id='word_1_447' title='bbox 1347 4675 1443 4746; x_wconf 81' lang='lat' dir='ltr'><strong><em>etiam</em></strong></span> 
     </span>
    </p>
   </div>
   <div class='ocr_carea' id='block_1_5' title="bbox 0 0 1708 5262">
    <p class='ocr_par' dir='ltr' id='par_1_10' title="bbox 0 0 1708 5262">
     <span class='ocr_line' id='line_1_50' title="bbox 0 0 1708 5262; baseline 0 1"><span class='ocrx_word' id='word_1_448' title='bbox 0 0 1708 5262; x_wconf 95' lang='lat' dir='ltr'><strong><em> </em></strong></span> 
     </span>
    </p>
   </div>
  </div>
 </body>
</html>
