3428 5256
187 97 248 160 184

180 299 250 371 riae
271 305 304 371 at
325 299 360 368 in
381 299 517 386 pristina
538 299 610 370 iura
632 303 665 368 et
694 297 863 384 privilegia
893 317 952 366 sua
975 297 1153 386 restitutae,
1180 297 1219 366 ir.
1243 297 1421 367 Fabianum
1443 313 1536 382 prae-

182 389 303 458 dictum
324 387 359 454 in
380 387 620 456 dornomiam
642 385 780 456 electum
802 384 977 455 confirmat.

248 475 341 543 Etsi
363 493 402 542 ex
424 475 581 542 debito..
603 474 678 542 Dat.
709 473 831 542 Romae
860 474 944 558 apud
974 491 1001 541 s.
1031 471 1162 541 Petrum
1193 491 1243 542 an.
1271 477 1330 540 etc.
1353 495 1535 540 ιιιιωσιιιι.

182 587 216 631 ιι
236 559 301 632 kal.
325 560 490 629 Februarii
513 581 565 628 an.
588 585 650 628 nv.

246 665 292 722 Ex
309 664 430 720 archivio
447 667 554 721 secreto
572 661 633 719 libr.
651 662 688 718 23
704 661 751 720 fol.
770 663 830 718 273.
854 662 1006 734 Waddiap:
1031 663 1132 720 Annei.
1150 662 1248 720 minor.
1267 666 1334 718 tom.
1352 661 1405 728 xi,
1424 679 1452 734 p.
1468 661 1534 718 473.

186 735 322 793 Fbcincr:
340 734 467 792 Menum.
485 733 583 804 Hung.
595 737 662 790 tona
681 731 720 802 H,
733 750 760 806 p.
779 733 839 790 aas.

479 905 707 978 boscum.
734 905 829 992 1444,
852 905 892 978 31
917 905 1084 991 ianuarii,
1107 907 1241 977 Romae.

249 1028 415 1114 Eugenius
436 1029 498 1097 ΡΡ.
529 1030 585 1098 lV.
607 1030 752 1099 concedit
772 1029 890 1098 vicario
920 1029 1044 1098 Bosnae
1066 1035 1100 1097 et
1122 1029 1269 1098 omnibus
1290 1029 1331 1098 ab
1356 1027 1413 1098 iilo
1435 1029 1538 1115 depu-

185 1117 302 1198 tandis,
332 1123 369 1183 ut
398 1116 432 1183 in
464 1116 620 1202 partibus,
650 1118 692 1186 ad
724 1135 803 1200 quas
831 1135 866 1184 se
888 1116 1007 1184 vicarm
1037 1118 1187 1204 extendit,
1221 1116 1451 1200 professionem
1474 1135 1536 1200 per

185 1204 302 1274 nouo
323 1209 356 1271 et
377 1221 502 1271 sorores
529 1204 618 1271 tertii
645 1203 765 1272 ordinis
794 1223 820 1271 s.
851 1203 1014 1272 Francisci
1044 1205 1148 1271 emitti
1170 1203 1299 1271 solitam
1320 1203 1475 1288 recipere,
1499 1209 1536 1270 et

183 1293 226 1361 ad
247 1289 336 1358 iliam
359 1289 566 1358 emittendam
589 1291 765 1370 admittere,
788 1289 875 1374 ipsos
897 1290 1058 1358 tertiarios
1072 1291 1204 1359 visitare
1219 1295 1252 1358 et
1267 1309 1379 1374 regere
1393 1291 1532 1374 possint.

246 1377 397 1463 Exposcit
426 1375 687 1444 dilectorum...
710 1376 785 1445 Dat.
817 1377 903 1461 apud
932 1395 958 1446 a.
990 1377 1122 1444 Petrum
1154 1397 1237 1446 anuo
1266 1383 1326 1446 etc.
1349 1401 1532 1446 aooocmrr.

183 1461 287 1549 pridie
308 1462 371 1532 kal.
395 1463 575 1546 Februarii,
598 1482 648 1532 an.
671 1487 733 1532 ιιι.

249 1567 295 1622 Ειι
312 1581 369 1638 reg.
388 1567 458 1638 orig.
475 1583 520 1622 an.
538 1565 621 1623 XIV.
639 1564 674 1622 de
691 1565 769 1622 curia
785 1564 847 1622 libr.
866 1564 962 1634 XVII,
980 1565 1028 1623 sol.
1046 1565 1106 1622 284.
1135 1566 1289 1638 Woddiap:
1313 1567 1416 1624 Annal.
1433 1567 1537 1624 minor.

185 1639 252 1694 tom.
270 1635 323 1706 x1,
340 1653 369 1709 p.
387 1636 448 1694 413.
468 1636 601 1692 Ihciam
619 1637 746 1692 Monam.
764 1635 862 1707 Hung.
880 1641 947 1693 tom.
959 1635 998 1706 II,
1011 1653 1039 1708 p.
1057 1636 1116 1692 226.

484 1807 706 1878 DGOGXXIV.
732 1807 824 1896 1444,
850 1809 870 1880 8
892 1808 1078 1892 Februarii
1100 1808 1236 1880 Fieruo.

250 1929 430 2016 Stephanus
460 1931 607 2017 Thomas,
639 1949 695 2000 rex
723 1933 856 2014 Boanae,
880 1937 990 2000 notum
1012 1931 1098 2014 iacit,
1121 1951 1142 2000 a
1163 1951 1199 2000 se
1226 1935 1407 2002 mandatum
1431 1932 1534 2002 fuisse

186 2015 296 2087 datum
318 2016 457 2102 Georgio
486 2017 690 2103 vectigalium
719 2021 873 2102 magistro
904 2019 937 2085 in
966 2019 1118 2106 Naroma,
1149 2026 1185 2087 ut
1206 2038 1264 2106 pro
1291 2020 1432 2106 portorio
1454 2019 1535 2088 salis

184 2105 329 2188 requirat
350 2105 491 2189 qunque
513 2107 645 2174 ducatos
666 2125 724 2191 per
745 2105 971 2176 centenarium.

244 2206 357 2277 ldubs'd:
375 2207 482 2265 Listius
498 2207 553 2277 IX,
572 2208 632 2264 180.

466 2362 671 2432 nocem.
698 2363 791 2452 1444,
817 2365 854 2436 11
879 2365 1066 2450 Februarii,
1090 2365 1247 2438 venetiis.

246 2483 361 2552 domiti
382 2483 505 2552 I'ranm
527 2485 665 2554 Taiorsc
686 2487 847 2570 scribitur,
870 2491 1018 2557 comitem
1039 2493 1188 2557 venetum
1210 2489 1332 2574 Spalati
1355 2507 1535 2570 occupasse

181 2569 324 2638 Polizam
345 2577 378 2640 et
400 2570 604 2660 Daimissam‚
627 2591 709 2656 quae
732 2575 921 2644 tenebantur
946 2595 1022 2660 „per
1044 2577 1191 2643 comitem
1220 2575 1416 2659 Stephanum
1438 2579 1530 2642 noto·

181 2658 266 2726 rium
287 2659 452 2740 hostem“;
475 2659 532 2726 sed
555 2678 653 2742 quum
671 2659 794 2729 Franco
809 2669 932 2730 asserat
950 2683 1006 2743 „aa
1020 2661 1091 2731 ioca
1105 2664 1145 2730 de
1161 2663 1378 2731 iurisdictione
1393 2663 1535 2730 bahatus

183 2745 235 2813 sui
258 2743 411 2814 Gronacie
434 2763 513 2825 esse,
545 2751 579 2813 et
604 2745 662 2814 iila
691 2747 775 2816 dicat
797 2767 854 2834 per
876 2750 1022 2817 comitem
1045 2750 1241 2833 Stephanum
1266 2749 1407 2818 indebite
1429 2749 1534 2816 fuisse

182 2834 367 2916 occupatu‘,
382 2838 580 2916 provocatur,
597 2837 633 2900 ut
647 2833 757 2903 mittat
770 2837 919 2904 nuncium
930 2837 1092 2919 Venetiae,
1110 2837 1186 2924 „qui
1201 2836 1341 2906 declaret
1354 2838 1424 2905 iura
1438 2837 1532 2904 sua“.

240 2933 356 3004 mdia:
375 2933 481 2991 Listine
498 2933 548 3004 IX,
566 2951 595 3007 p.
613 2936 673 2993 181.

462 3105 683 3178 nocuum
711 3109 804 3198 1444,
837 3110 876 3182 lt
898 3111 1085 3198 Februarii
1108 3115 1242 3186 Romae

245 3227 409 3314 Eugenius
430 3229 492 3297 ΡΡ.
516 3231 572 3298 IV.
600 3231 732 3302 tratrem
760 3233 937 3304 Fabianum
960 3255 980 3304 a
1001 3235 1131 3318 Bauhia,
1158 3236 1311 3305 vicarium
1333 3235 1468 3318 Bosnae,
1492 3253 1533 3308 ac

179 3313 268 3384 iilius
289 3335 496 3386 successores.
520 3317 684 3402 praefatae
714 3319 852 3389 deense
881 3321 1016 3390 desnos
1042 3323 1093 3402 ¹‚in
1119 3323 1271 3408 Ungario,
1302 3323 1417 3405 Boane,
1448 3323 1533 3390 Mol-

179 3401 283 3483 darie,
306 3401 471 3504 Valachie,
494 3403 654 3490 Buigarie,
676 3407 790 3475 Raecio
821 3425 879 3476 nac
901 3427 964 3476 non
986 3409 1132 3478 Sicuonie
1154 3415 1187 3477 et
1209 3409 1345 3493 singulis
1368 3409 1531 3494 regnis..

180 3488 222 3556 ad
245 3506 307 3571 que
329 3489 448 3558 nearia
469 3490 575 3560 Boane
592 3542 600 3559 .
618 3543 651 3560 ..
674 3511 710 3562 se
731 3493 901 3562 extendere
920 3496 1103 3574 dinoscitur,
1125 3496 1348 3579 inquisitorem
1371 3501 1403 3562 et
1426 3497 1535 3579 inqui·

180 3574 296 3642 sitores
318 3574 459 3644 heretice
477 3579 646 3661 pravitatis
661 3580 832 3666 perpetuo'
856 3580 934 3649 iacit
956 3588 989 3650 et
1011 3583 1155 3667 deputat,
1178 3601 1342 3668 regesque,
1366 3583 1531 3668 principes

182 3679 220 3730 ac
241 3659 413 3748 praelatos,
436 3668 473 3729 ut
495 3665 542 3732 eis
565 3663 717 3733 auxilium
739 3673 912 3751 praestent,
935 3669 1091 3738 hortatur.

249 3747 338 3849 Inter
360 3748 591 3818 desiderabilia.
608 3803 637 3819 ..
659 3753 733 3822 Dat.
756 3755 857 3821 Rome
888 3757 972 3840 apud
995 3775 1019 3823 s.
1042 3758 1172 3826 Petrum
1195 3775 1278 3825 anno
1304 3755 1534 3826 incarnationis

186 3833 343 3902 domnice
364 3859 541 3905 aooooxurr.
564 3861 630 3906 ιιι.
653 3839 716 3905 kal.
739 3839 859 3906 Martii.
883 3859 934 3910 an.
961 3867 1023 3910 ιιι.

163 3975 165 3980 «
234 3936 280 3998 Ex
297 3952 355 4008 reg.
372 3937 441 4007 orig.
460 3955 505 3996 an.
523 3939 607 3998 XIV.
625 3940 660 3998 de
678 3957 735 3998 cur.
752 3941 815 4000 libr.
832 3941 942 4000 XVIII.
961 3943 1008 4002 sol.
1026 3945 1051 4001 4.

245 4041 367 4108 Eadem
388 4041 526 4112 acutas
548 4044 633 4114 dicto
654 4045 694 4113 fr.
717 4047 858 4117 Fabiano
881 4054 914 4117 et
935 4048 1089 4119 iratribus
1110 4051 1249 4120 vicariae
1271 4051 1395 4120 Bosnae
1418 4070 1534 4120 eonce-

180 4127 266 4196 ditur
288 4128 330 4195 ad
352 4132 604 4212 persequendum
627 4133 804 4202 haereticos
825 4135 976 4204 Hussitaa
991 4137 1023 4202 in
1038 4135 1208 4206 hdoldaria.
1226 4138 1329 4220 Super
1343 4158 1506 4223 gregem..

179 4214 397 4368 gammae
418 4241 439 4284 x
460 4215 524 4285 kal.
555 4215 731 4288 Februarii.
763 4219 878 4290 Sacrae
900 4221 1064 4306 religionis
1079 4273 1087 4288 .
1104 4273 1136 4291 ..
1160 4225 1233 4294 Dat.
1257 4227 1378 4294 Romae
1407 4251 1442 4294 ιι
1464 4191 1535 4296 ΙιιΙῘ

250 4401 402 4474 Woddisp:
426 4405 528 4462 ΔιιιιιιΙ.
545 4406 643 4464 minor.
661 4413 728 4466 tom.
746 4409 799 4480 XI,
821 4427 849 4483 p.
866 4411 926 4481 203,
945 4412 1004 4482 205,
1023 4413 1083 4471 201.
1099 4414 1233 4473 ics'ncr:
1251 4415 1437 4473 Monumenta
1448 4417 1539 4474 Hun-

181 4471 276 4544 pariss
294 4477 362 4530 tom.
378 4473 420 4544 11,
437 4491 465 4547 p.
483 4475 543 4532 238.

1400 4999 1705 5218 ..Α
