3428 5256
232 245 295 312 263

234 455 474 538 predecessores
503 457 628 522 nostros
657 453 775 521 vicarie
807 452 911 520 Boane
943 468 1001 520 seu
1035 451 1197 537 provincie
1230 450 1392 520 Dalmatio
1424 449 1583 536 predictis

235 541 338 622 neue,
363 560 494 626 quarum
519 545 662 609 tenorem
691 540 743 607 bic
770 559 829 624 pro
858 539 1051 607 sufficienter
1074 553 1223 622 expresso
1245 539 1358 608 baberi
1379 537 1528 608 emmaus
1549 544 1583 604 et

235 629 350 696 ceteris
371 628 405 694 in
426 627 618 696 contrarium
640 626 829 696 facientibus
850 627 1096 711 quibuscunque.
1121 627 1241 694 Datum
1262 626 1361 694 Roma
1383 627 1468 710 apud
1483 645 1508 694 a
1522 625 1583 692 Pe-

236 720 322 783 uum
344 716 404 782 aab
426 713 522 782 anulo
566 715 720 784 iacatoris.
744 715 805 780 Die
819 738 871 782 rvr
885 713 1052 782 Februarii
1068 737 1250 782 uoooonxm.
1264 711 1465 800 pontificatus
1480 711 1583 780 naabi

237 799 518 885 subquintae.
543 734 580 868 4
606 800 807 868 Piccolomin.
1222 883 1230 901 ο
1493 885 1500 900 ι

301 889 350 972 (In
373 889 497 972 dorso)r
521 885 655 956 Dilectis
676 885 752 956 tiliis
773 887 900 955 sicariis
921 885 1065 968 generali
1087 892 1120 954 et
1141 884 1387 970 prouincialibus
1401 891 1584 968 comtusque

236 975 399 1054 vocalibus
421 976 541 1044 ordinis
562 976 719 1042 minorum
740 975 774 1040 in
797 971 939 1056 generali
961 971 1100 1058 capitulo
1123 974 1334 1058 congregatis.

299 1096 343 1153 Ex
362 1096 489 1168 originali
505 1097 534 1150 in
553 1095 670 1152 tabular.
688 1100 815 1152 convent.
833 1112 855 1151 a.
873 1094 974 1152 Isidori
992 1094 1068 1150 irata
1086 1095 1184 1150 minor.
1203 1093 1232 1150 in
1250 1093 1327 1150 urbe

655 1269 755 1337 MLV.
791 1268 883 1356 1463,
907 1267 1159 1340 ascelmum.

301 1391 369 1460 Rex
391 1389 514 1460 Bosnae
536 1389 716 1476 Stephanus
738 1389 925 1461 romasevrc
946 1408 1005 1476 per
1026 1395 1169 1460 oratores
1191 1407 1266 1458 suos
1288 1396 1396 1459 notam
1420 1387 1499 1458 iacit
1524 1387 1584 1458 Vc·

236 1480 327 1560 netis,
351 1479 435 1563 quod
458 1477 563 1561 Turci,
594 1483 677 1546 teate
703 1479 815 1554 intimo
845 1477 1034 1558 consiliario,
1065 1477 1311 1547 deliberaverint
1340 1475 1486 1563 proxima
1517 1477 1584 1545 iem

236 1571 358 1634 aestate
386 1567 524 1634 Bonnam
547 1574 580 1635 et
600 1566 793 1650 prouinciam
817 1567 906 1634 ducis
929 1565 1082 1650 Stephani
1104 1583 1267 1648 occupare,
1290 1565 1364 1634 dein
1395 1565 1520 1631 irruere
1548 1565 1584 1630 in

236 1652 555 1808 ῦατᾳεῇοξιίοηοωωω
575 1669 677 1736 nsque
698 1655 739 1722 ad
760 1653 897 1722 latriam.
931 1653 1036 1721 Hocce
1058 1651 1234 1739 periculum
1257 1646 1463 1721 annunciabit
1484 1649 1584 1720 etiam

235 1745 412 1912 ponttlp'ubltr
430 1842 538 1900 Ludna
556 1841 593 1912 X,
611 1843 671 1899 337.

559 2015 677 2084 MLVI.
709 2015 803 2098 1463,
826 2015 869 2086 28
891 2014 1076 2098 Februarii,
1101 2015 1260 2088 venetiis.

303 2137 492 2208 Oratoribus
522 2139 609 2225 regia
644 2137 796 2208 Bossirm
828 2139 1076 2222 respondeatur:
1110 2139 1375 2224 quemadmodum
1409 2137 1587 2206 dominium

237 2229 397 2310 venetum,
419 2225 495 2296 licet
517 2227 560 2294 sit
591 2225 625 2292 in
654 2245 732 2312 paca
764 2243 837 2292 cum
866 2225 979 2305 Turno,
1002 2233 1094 2310 parat
1124 2225 1394 2311 ,potentissimam
1416 2225 1586 2310 dassem‘,

237 2313 284 2381 ita
306 2315 339 2380 et
360 2332 417 2381 rex
443 2313 626 2399 ,provideat
647 2312 848 2394 magnanime
870 2313 965 2380 rebus
987 2313 1063 2395 suis,
1085 2313 1169 2381 sicut
1195 2311 1388 2382 catholicum
1410 2311 1591 2399 principem

237 2395 367 2482 decat“;
389 2395 515 2468 laudari
538 2401 607 2467 eiua
629 2399 911 2484 promptitudinem
937 2401 1084 2482 ,uniendi
1112 2419 1148 2466 se
1171 2419 1244 2468 cum
1264 2401 1345 2468 duce
1368 2396 1534 2485 Stephano
1557 2405 1592 2466 et

238 2505 309 2556 cum
331 2483 404 2554 aliia
426 2487 560 2554 dominis
582 2483 708 2554 illarum
731 2487 902 2570 partiom“,
925 2487 1072 2570 idemque
1093 2485 1191 2554 iaciat
1213 2506 1284 2554 cum
1300 2505 1375 2572 rege
1390 2484 1588 2569 Hungariae,

243 2579 296 2654 ,ut
317 2573 488 2658 potentiori
510 2591 606 2641 manu
635 2573 760 2641 hostem
790 2571 950 2641 offendere
981 2575 1123 2656 possint;
1153 2593 1249 2657 quum
1272 2579 1418 2643 oratores
1440 2571 1503 2660 ipsi
1529 2575 1591 2654 ,ad

237 2678 396 2728 summum
428 2659 609 2744 pontificem
642 2658 816 2744 profectori
848 2659 944 2742 sint“,
978 2659 1201 2744 provocabitur
1231 2666 1360 2748 „orator
1389 2666 1525 2728 renatus
1555 2659 1588 2726 in

238 2747 336 2830 curia,
359 2751 396 2814 ut
417 2753 484 2816 tam
513 2747 598 2832 apud
627 2766 785 2816 summum
814 2745 995 2830 pontificem
1024 2766 1118 2831 quam
1140 2746 1235 2815 aliter
1260 2746 1382 2816 eisdem
1403 2747 1588 2814 oratoribus

237 2831 373 2916 macac,
401 2833 459 2914 ,de
481 2833 713 2902 municionibus
742 2831 919 2902 cruciat&
954 2836 1164 2902 concedentur
1191 2840 1233 2902 50
1255 2833 1404 2916 balistae,
1429 2839 1472 2902 50
1494 2852 1588 2902 rere·

239 2921 306 2988 toni
329 2923 361 2988 et
384 2926 425 2988 50
447 2917 563 2989 barilia
584 2919 724 3006 pulveris
746 2940 766 2990 a
787 2920 970 2990 bombanla

300 3023 415 3094 Madd:
432 3023 540 3082 Lisiine
557 3025 595 3094 X,
613 3025 674 3081 336.

589 3197 720 3266 MLVII.
748 3195 841 3281 1463,
864 3197 907 3268 26
930 3195 1064 3286 Aprilis,
1082 3195 1238 3268 venetiis.

303 3318 353 3387 Ad
374 3318 614 3402 requisitionem
642 3318 733 3387 ducis
762 3317 923 3404 Stephani,
956 3337 1014 3403 per
1035 3319 1135 3405 ipsius
1162 3318 1290 3387 litteras
1312 3325 1332 3386 8
1354 3323 1397 3394 et
1411 3319 1455 3386 20
1476 3317 1589 3387 Martii

239 3406 338 3486 datae,
363 3405 471 3473 comiti
500 3411 533 3474 et
555 3406 720 3490 capitaneo
750 3405 876 3474 Scutari
907 3409 940 3474 et
961 3405 1035 3474 eliis
1056 3407 1233 3475 rectoribus
1255 3406 1409 3475 Albaniae
1431 3405 1589 3490 praecipi·

240 3497 302 3574 tur,
325 3499 362 3560 ut
386 3491 651 3578 Scanderbegum,
683 3493 736 3576 qui
766 3494 839 3560 duci
861 3491 1021 3576 Stephano
1047 3493 1200 3562 auxilium
1222 3493 1377 3580 promisit,
1401 3511 1475 3562 cum
1499 3511 1588 3561 exer·

239 3580 304 3646 cita
326 3597 386 3664 por
407 3579 601 3646 territorium
623 3585 771 3647 venetum
793 3579 929 3647 transire
954 3580 1148 3664 permittant.

303 3681 415 3752 naue
433 3681 541 3738 nnana
559 3681 596 3752 x,
614 3681 674 3738 aaa.

610 3853 759 3922 MLVIII.
786 3853 877 3940 1463,
903 3853 941 3926 17
964 3855 1053 3938 dall,
1077 3855 1205 3927 Romae.

228 3975 323 4042 ¹Pius
347 3975 411 4042 ΡΡ.
433 3973 482 4041 ΙΙ.
503 3977 660 4063 ρναεοίρίι
688 3978 807 4044 nicorio
839 3977 975 4060 Boeaoa,
1003 3987 1039 4044 ut
1069 3982 1105 4044 in
1133 3977 1330 4044 caventibus
1364 3975 1531 4044 lbsotmi
1561 3985 1590 4042 et

241 4062 385 4149 Brimo,
416 4061 602 4130 oMorliao
632 4066 670 4131 do
700 4063 1177 4236 Fronzgapgoccgatibssreatoecsdificutiq
1207 4065 1306 4132 eidem
1337 4063 1482 4129 Mortinn
1506 4064 1599 4147 fidon

307 4270 344 4336 In
367 4271 492 4339 nomina
514 4271 641 4337 Domini
662 4271 771 4339 Amen.
795 4273 886 4341 Anno
901 4273 1077 4342 nativitatis
1092 4273 1235 4341 eiusdem
1250 4271 1419 4341 millesimo
1436 4269 1584 4355 quadrin-

241 4357 417 4440 gentosimo
446 4359 773 4441 sexagesimaeque,
805 4360 977 4428 indictione
1007 4360 1183 4446 undecima,
1216 4360 1268 4430 die
1297 4359 1433 4445 septimo
1466 4359 1588 4428 mensis

242 4443 331 4510 lulii.
354 4441 535 4528 Religioaus
556 4445 605 4512 vir
626 4445 770 4512 dominus
792 4445 891 4514 irater
905 4447 1055 4516 Nicolaua
1070 4447 1110 4514 de
1124 4448 1274 4532 Ragursio,
1291 4451 1397 4515 custos
1419 4463 1478 4514 sen
1493 4463 1588 4530 guar-

244 4529 357 4598 dianus
379 4536 552 4599 convontus
575 4535 609 4598 et
634 4531 770 4600 bubum
800 4553 825 4601 a.
856 4534 958 4604 Maria
981 4537 1020 4603 de
1042 4533 1186 4622 Pallade,
1209 4534 1363 4602 dioecesis
1385 4531 1589 4618 spalatensis,

245 4615 366 4688 ordinis
387 4617 543 4690 minorum
567 4617 608 4689 de
630 4619 842 4706 observantia,
864 4621 958 4710 petiit
971 4619 1127 4692 instanter
1142 4641 1162 4692 a
1176 4619 1352 4692 venerabili
1367 4623 1445 4703 viru,
1462 4621 1583 4688 dominc
