3410 5258
1402 321 1461 383 301

526 515 742 584 meumst.
767 516 860 588 (litua
886 517 1065 590 1485—89.

187 637 324 715 Quidam
346 637 467 706 nobiles
489 639 578 706 ducis
600 639 718 708 Vlatlro
740 645 909 722 testantur,
934 641 1105 724 Georgium
1128 641 1253 727 Bogisit
1276 663 1345 711 esse
1369 665 1465 729 nepo-

123 731 186 791 tem
208 726 332 792 comitis
355 724 463 791 Brailo
485 725 663 792 Tezalovid.

182 845 232 901 Dr.
252 847 300 900 Fr.
319 844 465 900 mutuus:
485 847 668 902 Monumeuta
687 847 804 916 aethios,
821 865 849 918 p.
868 847 927 904 544.

446 1021 683 1088 MOLXXXIH.
712 1021 805 1104 1490,
829 1021 848 1090 8
871 1021 976 1112 lunii,
1000 1022 1135 1093 Pesllul.

184 1143 339 1210 Proceres
361 1143 552 1229 Huugariaq
576 1145 723 1212 croatiae
745 1150 778 1211 et
800 1143 966 1212 Slavoniae
993 1163 1068 1227 ,pro
1095 1143 1247 1213 electione
1271 1147 1369 1213 futuri
1392 1149 1465 1213 novi

120 1229 222 1312 regim
250 1233 432 1314 cougregati
455 1233 655 1309 concludunt,
683 1233 785 1314 „quod
808 1233 836 1297 si
851 1233 1057 1315 contingeret,
1073 1234 1156 1314 quod
1171 1232 1285 1300 illustr.
1302 1235 1331 1301 d.
1349 1236 1466 1301 Johan·

121 1336 177 1382 nes
199 1318 265 1384 dux
282 1364 389 1386 .....
413 1319 446 1383 in
468 1337 576 1402 regem
607 1319 789 1402 Hungariae
820 1337 882 1384 non
911 1317 1092 1404 eligeretur,
1122 1338 1162 1386 ne
1184 1321 1269 1401 regis
1291 1321 1410 1387 honore
1433 1329 1466 1387 et

121 1403 215 1469 titulo
239 1409 354 1482 eareat,
378 1405 412 1470 iu
434 1423 540 1488 regem
556 1406 695 1473 Bozniae
710 1405 864 1486 eligatur,
888 1412 921 1474 et
939 1406 1172 1488 quamprimum
1191 1406 1273 1474 aliua
1287 1409 1466 1490 quicunque

121 1490 153 1556 in
174 1509 286 1572 regem
315 1491 499 1574 Hungariae
527 1491 662 1576 eligetur
693 1498 726 1558 et
756 1493 1023 1575 pronuntiabitur,
1056 1493 1165 1560 statim
1198 1500 1230 1559 et
1259 1495 1465 1560 incontinenti

123 1582 219 1658 atque
252 1578 286 1642 in
317 1579 428 1644 eodem
457 1577 527 1646 loco
557 1579 643 1646 idem
673 1580 694 1646 d
727 1579 791 1646 dua
813 1578 845 1644 in
869 1597 976 1662 regem
999 1579 1124 1646 Beznae
1145 1579 1230 1664 eligi,
1256 1581 1410 1646 nominari
1433 1587 1466 1647 ct

122 1665 333 1747 pronunciari,
359 1669 453 1747 atque
477 1671 548 1748 post
571 1665 657 1733 illius
679 1665 779 1731 futuri
801 1667 886 1749 regis
909 1666 1143 1733 coronationem
1165 1667 1261 1734 tertio
1278 1675 1334 1733 aut
1353 1674 1466 1750 quarto

123 1751 175 1817 die
196 1751 379 1818 immediate
402 1753 545 1834 sequenti
576 1752 787 1821 inlalhbiliter
816 1759 849 1819 et
871 1752 937 1836 ipse
953 1753 1123 1818 honorifice
1146 1772 1183 1820 ac
1206 1753 1391 1820 solemniter
1413 1774 1469 1836 per

123 1837 258 1905 eundem
280 1837 423 1904 futurum
445 1857 562 1920 regem,
586 1845 623 1906 ut
646 1839 742 1904 moris
758 1845 817 1921 est,
834 1841 977 1906 coronari
993 1840 1137 1908 debeat“.
1156 1841 1325 1908 Praeterea
1341 1841 1468 1908 dabitur

122 1923 183 2006 ipsi
206 1925 280 1991 duci
302 1926 438 1993 bonatus
461 1924 655 2011 sclavoniae,
677 1925 859 1994 Dalmatiae
881 1931 913 1992 et
936 1926 1092 1994 Oroatiae.

186 2046 320 2100 Katuuu:
343 2043 452 2100 Hister.
471 2045 527 2101 crit
547 2045 644 2102 XVII.
662 2047 775 2102 28-25.

441 2237 672 2305 MOLXXXIV.
700 2237 792 2319 1490,
819 2238 858 2307 lb
881 2237 976 2320 lulli,
1000 2237 1150 2324 segniae.

129 2361 312 2446 Capitulum
334 2364 489 2446 sepuieuse
512 2363 556 2427 ad
573 2383 681 2446 preces
706 2362 750 2444 fr.
775 2361 913 2426 Martini
942 2362 979 2426 cla
1001 2359 1154 2426 Birsuclro
1177 2311 1347 2445 (lbsutoll
1368 2381 1466 2443 quur-

125 2448 215 2514 do‘uru'
236 2469 361 2533 sequen.
384 2451 554 2514 transumit
576 2449 660 2514 stau
681 2447 742 2512 IV.
767 2449 882 2512 bullam
901 2447 1082 2536 „Romanus
1094 2447 1256 2533 poutifaa“
1280 2448 1395 2512 editum
1415 2447 1467 2511 lt-

594 2537 669 2602 bure
692 2537 732 2602 12
754 2535 894 2618 Aupusta’
915 2536 1013 2602 1473.

189 2657 258 2723 Nos
281 2657 453 2742 capitulum
478 2657 610 2725 ecclesie
632 2659 770 2740 segnien.
795 2663 904 2724 tenore
923 2655 1118 2738 presentium
1140 2656 1291 2722 memorie
1314 2675 1469 2722 tommen-

124 2744 237 2810 damus
260 2744 475 2827 significantes
498 2746 663 2826 universis,
689 2746 803 2828 quibus
826 2745 961 2828 expedit,
986 2743 1123 2825 qualiter
1145 2743 1297 2808 accedens
1313 2744 1413 2808 nostri
1429 2743 1469 2809 ad

126 2831 318 2912 presentiam
340 2831 550 2916 personaliter
571 2831 763 2898 venerabilis
785 2837 876 2914 pater
897 2830 936 2898 fr.
961 2829 1118 2896 Martinus
1140 2831 1179 2895 de
1203 2829 1357 2896 Biraacho
1372 2849 1469 2912 guar·

13 2955 14 2960 κ
127 2917 240 2985 dianus
264 2925 482 2985 conventura.
507 2919 667 2986 Francisci
691 2922 730 2984 de
753 2917 865 3001 Segne.
889 2917 1009 2984 ordinis
1032 2917 1187 2982 minorum
1207 2916 1246 2981 de
1269 2916 1471 2983 observantia

126 3091 226 3173 patris
250 3093 410 3172 quondam
433 3093 550 3158 domini
575 3093 673 3158 nostri
697 3091 795 3174 Syrti,
820 3091 926 3156 divina
948 3090 1145 3174 providentia
1167 3108 1248 3172 pape
1265 3090 1380 3170 quarti,
1397 3107 1469 3154 cum

127 3176 211 3242 bulla
241 3177 391 3259 plumbea
422 3179 571 3260 pendenti
601 3179 635 3244 in
665 3177 795 3244 cordula
826 3178 964 3261 syriaca,
995 3195 1082 3242 more
1115 3181 1313 3242 sacrosancte
1341 3193 1470 3242 romane

128 3263 271 3344 ecclesie,
295 3283 389 3332 sanas
411 3265 539 3346 quidem
569 3271 602 3330 et
631 3267 772 3348 integras
802 3283 863 3329 non
885 3265 1026 3344 viciatus,
1058 3281 1119 3328 uon
1142 3262 1316 3328 maculatas
1334 3311 1469 3328 ......

127 3351 267 3428 Quarum
292 3352 417 3432 quidem
442 3357 533 3417 tenor
555 3351 628 3418 talis
652 3357 717 3418 est:
752 3350 878 3430 ,Status
902 3351 1199 3434 episcopusservus
1223 3367 1385 3414 serrorum
1413 3349 1471 3412 Dei

126 3436 264 3504 dillectis
288 3436 362 3504 liliis
384 3438 551 3505 Francisoo
574 3438 614 3504 de
636 3439 774 3521 Ragusio
806 3438 922 3503 vicario
943 3445 976 3503 et
998 3437 1155 3503 universis
1177 3435 1329 3502 iratribus
1352 3435 1471 3500 ordinis

126 3525 284 3590 minorum
306 3525 465 3605 provincie
488 3526 592 3591 Bosne
614 3526 786 3592 secundum
809 3525 951 3589 ordinem
974 3523 1045 3606 (sic)
1062 3540 1180 3586 morsm
1196 3523 1336 3587 eiusdem
1352 3521 1471 3587 ordinis

126 3609 262 3677 salutem
287 3617 320 3675 et
341 3611 546 3692 apostolicam
569 3611 829 3678 benedictionem.
854 3611 1014 3676 Romanus
1037 3607 1176 3692 pontifex
1201 3607 1319 3672 Christi
1335 3608 1471 3672 vicinius

127 3703 183 3764 etc.
202 3749 209 3762 .
231 3747 238 3760 .
262 3698 382 3764 Datum
405 3698 524 3764 Tibure
546 3717 627 3764 anno
650 3699 876 3764 incarnationis
898 3696 1054 3762 dominice
1078 3694 1246 3760 millesimo
1263 3694 1471 3776 quadringen-

127 3785 242 3850 tesimo
266 3786 499 3868 septuagesimo
521 3787 629 3866 tercio,
665 3785 766 3868 pridie
789 3786 861 3850 idus
883 3783 1021 3866 Augusti
1044 3783 1244 3864 pontificatus
1266 3781 1366 3847 nostri
1389 3799 1471 3846 anno

128 3871 295 3938 secundo.“
323 3871 416 3952 (Vide
440 3873 572 3938 eandem
595 3870 715 3938 bullam
737 3891 784 3936 nr.
808 3896 880 3937 usar
902 3890 973 3954 pag.
998 3873 1087 3950 280.)

189 3975 316 4042 Harum
347 3981 525 4044 nostrarum
556 3977 663 4059 vigore
693 3976 873 4042 testimonio
903 3975 1081 4040 litterarum
1103 3973 1271 4056 mediante,
1300 3989 1379 4052 quas
1402 3989 1472 4036 oum

129 4063 322 4146 appensione
354 4063 454 4129 nostri
488 4064 672 4147 capitularis
702 4062 817 4144 sigilli,
852 4081 914 4143 quo
946 4063 1073 4140 utimur,
1097 4060 1242 4125 duximus
1275 4058 1469 4124 communiri.

129 4149 248 4216 Datum
273 4149 377 4232 Segne
399 4152 431 4215 in
459 4149 591 4216 aecimis
621 4153 728 4215 nostra
758 4147 932 4215 cathedrali
955 4149 1047 4213 beate
1069 4147 1171 4212 Maria
1194 4145 1324 4227 virginis
1347 4145 1398 4210 die
1420 4169 1471 4208 xvr

129 4237 247 4304 mensis
270 4235 348 4302 Julii
365 4255 447 4304 auno
463 4237 575 4304 salutis
589 4235 759 4302 millesimo
775 4235 1056 4318 quatrigentesimo
1073 4232 1282 4315 nonagesimo,
1299 4232 1471 4296 indictione

129 4329 247 4390 oetam.

192 4429 307 4512 †Ego
330 4427 474 4495 Marinus
504 4427 706 4496 Maromanus
737 4427 899 4506 Arbcnsis,
931 4423 1076 4508 publicus
1101 4421 1258 4505 imperiali
1281 4421 1471 4489 auctoritate

130 4518 282 4602 notarius,
305 4516 464 4597 iudexque
495 4516 672 4582 ordinarius
695 4533 752 4580 nec
774 4533 836 4580 non
859 4512 989 4596 capituli
1011 4511 1149 4593 segnien.
1174 4507 1388 4586 cancellarius,
1413 4509 1472 4573 hoc

131 4621 258 4685 pressus
281 4603 446 4688 publicum
468 4607 701 4686 transumptum
726 4621 763 4666 ex
786 4597 932 4682 originali
955 4597 1043 4666 hulla
1062 4597 1219 4678 fidedigne
1243 4595 1417 4661 transcribo
1440 4599 1473 4660 et

131 4695 361 4774 transumptum
387 4689 531 4758 describo
554 4687 754 4768 adverbum,
782 4686 827 4754 nil
849 4687 993 4755 addendo
1020 4683 1070 4751 vel
1093 4683 1260 4749 minuendo
1283 4686 1389 4764 preter
1412 4680 1473 4748 rir-
