3406 5262
1392 274 1450 335 141

438 471 589 543 ucoxv.
616 472 710 562 ruer,
734 473 776 546 eo
797 475 933 564 rprrrrs,
961 475 1117 548 scuras.

100 608 490 766 SurmsonrtaAecerolis
512 615 651 700 synodus
673 615 862 704 basiliensis,
884 617 1051 702 confirmat
1074 619 1179 683 omnia
1201 617 1329 684 includo
1344 624 1373 684 et
1383 597 1459 703 pri-¹

100 698 224 782 ellepis,
247 721 307 768 os
347 722 364 767 e
393 705 566 788 apostoliea
594 701 754 786 fratribus
784 703 959 770 minoribus
989 704 1127 770 oieorice
1157 703 1280 770 &snae
1303 725 1454 772 concessa.

101 793 167 865 tam
191 788 300 868 quood
323 794 498 872 conventas,
520 811 615 878 qaam
637 792 745 874 quood
767 790 943 858 electionem
965 792 1080 857 sicarii
1095 799 1123 858 et
1139 791 1265 857 modum
1279 791 1453 874 repimiais,

163 907 375 978 Samosaan
408 910 566 1000 generalis
601 914 740 997 synodus
769 912 956 980 Basiliensis
978 913 1013 978 irr
1036 911 1159 998 Spiritu
1183 912 1300 981 Sancto
1323 932 1453 997 conffle-

99 999 176 1076 gata
198 996 413 1064 universalem
435 998 601 1066 eeclesiam
623 1005 876 1084 repraesentans.
900 1000 953 1066 Ad
977 1003 1167 1084 perpetuam
1188 1001 1236 1068 rei
1258 1001 1452 1068 memoriam.

100 1079 304 1152 Univemalis
326 1084 459 1153 ecclesia
481 1087 513 1152 ln
535 1086 649 1154 decore
671 1093 780 1154 sancte
802 1085 971 1170 religionis
994 1086 1113 1154 ordinis
1135 1086 1270 1154 fratrum
1285 1088 1452 1168 minorum,

99 1170 159 1235 sub
183 1188 248 1252 qua
270 1171 396 1239 domino
419 1174 566 1241 devotum
588 1179 622 1238 et
644 1180 772 1256 gratum
794 1172 879 1241 illius
907 1173 1024 1240 iratres
1046 1174 1233 1258 impendunt
1253 1174 1451 1258 famulatum,

101 1253 236 1340 exultat,
259 1259 447 1340 praesertim
469 1261 545 1326 dum
567 1261 729 1345 prospicit,
751 1261 834 1343 quod
858 1279 916 1342 per
938 1259 1125 1327 exercitium
1149 1263 1303 1329 bonorum
1325 1279 1454 1346 operum

100 1347 132 1408 et
153 1342 303 1424 preclara
325 1347 503 1414 sanctitatis
531 1347 647 1414 merita
677 1347 757 1414 alios
785 1348 915 1413 trahant
938 1347 982 1414 ad
1004 1347 1111 1414 divim
1133 1346 1238 1415 laudis
1260 1349 1452 1432 preconium,

99 1429 321 1512 evangelizent
344 1433 473 1500 verbum
498 1435 568 1519 Dei,
601 1439 635 1499 et
657 1439 819 1516 tamquam
842 1433 982 1500 ministri
1009 1433 1130 1502 Satoris
1152 1436 1253 1502 eterni
1284 1435 1316 1500 iu
1340 1451 1452 1517 agrum

100 1515 245 1583 sterilem
268 1536 330 1584 uon
352 1521 547 1586 credentium
571 1520 707 1588 uberius
730 1538 836 1587 serere
850 1539 957 1588 semen
972 1519 1075 1603 graba
1095 1539 1156 1588 non
1171 1520 1351 1607 formidant,
1368 1521 1452 1587 circa

100 1600 231 1668 illorum
253 1604 353 1686 igitur
373 1611 492 1672 statum
522 1609 678 1693 optimum
711 1607 798 1674 omni
827 1607 933 1675 studio
962 1605 1117 1691 invigilat,
1140 1613 1176 1674 ut
1198 1609 1285 1690 pacis
1308 1613 1341 1674 st
1363 1613 1450 1673 trau-

101 1688 262 1770 quilitatis
283 1690 415 1758 affluant
443 1695 599 1762 ubertate.
634 1693 717 1761 Sane
745 1713 849 1778 nuper
870 1693 1067 1760 dilectissimi
1090 1693 1241 1760 eeclesiae
1264 1693 1321 1759 tilii
1346 1693 1449 1775 Sigis-

100 1775 223 1856 mnndi,
246 1777 458 1847 Romanorum
479 1781 679 1865 imperatoris
701 1785 734 1849 st
755 1781 841 1864 regis
862 1779 1034 1864 Hungarie,
1062 1780 1153 1847 nobis
1176 1779 1314 1847 exhibita
1336 1781 1449 1863 petitio

101 1863 294 1946 continebat,
326 1867 410 1948 quod
438 1867 589 1934 nonnulla
618 1867 698 1946 loca,
728 1867 868 1935 claustra
898 1885 954 1934 seu
986 1871 1158 1934 conventus
1181 1872 1213 1932 et
1235 1867 1348 1933 domus
1371 1867 1451 1933 dicti

101 1949 235 2032 ordinis,
260 1952 299 2018 de
321 1954 523 2022 observantia
551 1956 654 2022 sancti
685 1954 845 2022 Francisci
877 1953 1057 2034 nuncupati,
1092 1953 1125 2020 in
1147 1953 1321 2037 Hungsu'e,
1345 1953 1451 2020 Bonae

102 2042 135 2102 et
157 2035 321 2106 Dalmatis
343 2041 449 2122 regnis
471 2042 652 2124 mustituta,
675 2039 816 2124 generali
842 2040 988 2106 minutus
1011 2041 1164 2108 duntaxat
1178 2039 1361 2108 immediate
1376 2041 1450 2107 sub-

101 2122 195 2204 iacta,
226 2143 288 2206 que
318 2145 376 2210 per
407 2127 560 2195 doarium
595 2129 766 2196 vicariatus
796 2128 904 2194 Bonus
933 2127 1021 2194 iuxta
1050 2145 1172 2193 morem
1202 2128 1303 2210 ipsius
1332 2127 1452 2194 ordinis

101 2215 261 2292 reguntur
282 2218 315 2277 et
336 2213 573 2295 gubemautur;
605 2233 739 2298 quornm
769 2213 884 2281 iratres
913 2214 946 2279 in
969 2231 1077 2280 eorum
1099 2213 1389 2297 opportunitatibus
1412 2213 1453 2281 ad

100 2295 209 2378 ipsum
225 2299 377 2367 vicarium
399 2306 549 2384 tanquam
572 2303 769 2385 superiorem
786 2319 910 2383 semper
929 2300 1077 2381 habuere,
1094 2305 1189 2384 prout
1203 2300 1331 2386 habeut,
1347 2319 1453 2367 recur-

101 2401 183 2448 sum.
207 2385 330 2468 absque
352 2405 400 2470 eo,
430 2389 514 2470 quod
543 2388 660 2471 aliquis
689 2387 891 2471 provincialis
913 2387 1057 2454 minister
1080 2387 1119 2454 de
1148 2388 1314 2470 regimine,
1337 2390 1451 2470 guber-

100 2471 243 2555 natione,
266 2478 322 2538 aut
344 2476 565 2557 superioritate
586 2476 728 2542 locorum
750 2474 959 2543 claustrorum
981 2479 1014 2540 et
1028 2472 1162 2541 fratrum
1178 2475 1394 2556 predictorum
1418 2493 1453 2541 se

4 2563 5 2572 ³
101 2560 310 2640 quovismodo
332 2560 543 2628 intromittere
571 2561 686 2630 debeat
715 2561 767 2629 vel
797 2563 895 2628 etism
924 2566 1080 2628 teneatur.
1111 2559 1265 2642 Quodque
1294 2578 1352 2642 pro
1379 2579 1450 2642 pre-

101 2645 262 2712 dictorum
284 2650 349 2714 tarn
372 2646 504 2716 fratrum
528 2665 624 2730 quam
646 2647 786 2716 locorum
816 2649 1054 2716 conservatione
1076 2646 1177 2714 multa
1198 2648 1263 2713 sint
1285 2647 1406 2713 eisdem
1429 2667 1449 2715 a

101 2731 178 2798 sede
210 2731 385 2816 apostoliea
414 2736 581 2818 privilegia
607 2735 742 2804 indulta.
762 2733 879 2814 -Quars
911 2751 968 2818 pro
999 2739 1090 2817 parte
1119 2733 1220 2817 ipsius
1246 2734 1449 2816 imperatoris

4 2829 5 2832 ’
101 2820 279 2886 merentis
301 2821 427 2887 eosdem
449 2821 566 2890 fratres
588 2824 620 2888 iu
651 2825 758 2906 regnis
781 2821 932 2906 predictis
962 2825 1059 2888 etiam
1082 2840 1102 2887 a
1123 2825 1267 2904 tempore
1290 2821 1362 2887 dive
1385 2837 1449 2886 ms-

102 2905 204 2971 morie
228 2905 381 2975 Ludovici
402 2909 488 2992 regis
509 2909 682 2994 Hungarie,
706 2908 760 2992 qui
783 2909 823 2976 sd
846 2927 901 2974 eos
919 2905 1111 2990 singularem
1128 2909 1258 2990 gerebat
1272 2905 1450 2973 devotionis

4 3035 5 3040 =
102 2989 265 3078 affeomm,
289 2994 330 3061 ab
351 2993 531 3062 infidelibus
553 2996 671 3063 multas
692 3003 726 3064 et
755 2995 897 3062 diversas
919 2995 1154 3076 persecutiones
1175 3011 1234 3076 pro
1256 2993 1319 3059 fide
1342 2993 1450 3060 catho-

4 3097 5 3100 ’
102 3078 166 3146 lica
187 3077 389 3163 sustinmsse,
411 3087 444 3148 et
466 3084 535 3150 siue
564 3101 694 3150 numero
724 3083 791 3150 suis
820 3080 940 3148 sanctis
973 3082 1049 3158 vita,
1079 3081 1220 3148 moribus
1251 3085 1285 3147 et
1307 3079 1449 3163 predica-

102 3165 246 3232 tionibus
268 3165 412 3236 infideles
433 3169 475 3236 ad
498 3169 592 3236 fidem
614 3169 767 3249 traxisse;
792 3167 882 3234 uobis
904 3167 966 3233 luit
989 3167 1153 3234 humiliter
1174 3166 1399 3250 supplicatum,
1416 3171 1451 3232 ut

103 3251 241 3334 prefatis
262 3252 484 3334 manibusue
506 3256 539 3322 iu
561 3257 723 3340 premissis
744 3273 802 3340 per
825 3254 948 3338 sliquos
966 3252 1174 3322 molestentur
1196 3272 1254 3322 ssu
1276 3252 1452 3338 impedian-

103 3343 166 3420 tur,
189 3340 368 3422 pruviders,
391 3343 548 3426 ipsosque,
579 3344 606 3409 si
629 3361 709 3426 opus
731 3342 837 3426 luerit,
861 3341 1002 3424 generali
1024 3341 1179 3421 ministro,
1203 3345 1298 3424 prout
1318 3341 1452 3407 subiecti

4 3465 5 3472 κ
102 3430 186 3506 sunt,
211 3426 369 3494 subiicere
398 3433 431 3496 et
459 3449 518 3514 per
547 3429 699 3500 meadum
730 3429 907 3514 predictum
936 3429 1092 3511 regendos
1121 3427 1189 3494 iore
1219 3429 1388 3494 decernere
1415 3433 1449 3493 et

103 3517 259 3595 statuere,
283 3531 342 3582 neo
370 3534 430 3582 uon
460 3515 603 3601 predicta
632 3517 679 3584 eis
707 3517 824 3584 assde
846 3513 1016 3599 apostrlica
1038 3513 1161 3582 indulta
1188 3512 1355 3596 privilegis
1378 3531 1449 3580 con-

4 3635 6 3648 =
103 3597 233 3666 firmare
256 3600 469 3682 dignaremur.
494 3603 560 3672 Nos
581 3604 680 3688 igitur
710 3602 807 3686 quieti
830 3607 863 3668 et
889 3600 1114 3684 tranquillitati
1136 3599 1293 3668 dictorum
1315 3599 1451 3668 fratrum

102 3685 310 3756 intendentes
340 3689 518 3758 huiusmodi
548 3689 833 3775 supplicationibus
861 3687 1015 3771 inclinati,
1048 3705 1158 3756 coram
1189 3688 1286 3756 etiem
1308 3687 1450 3770 generali

4 3823 5 3826 ,
103 3773 253 3840 ministro
275 3793 439 3843 assensum
460 3777 619 3862 prebente,
643 3775 750 3843 omnia
771 3781 804 3842 et
825 3773 952 3858 singula
973 3774 1052 3855 loos,
1076 3774 1218 3842 claustra
1237 3791 1294 3841 seu
1317 3791 1452 3840 conven-

104 3865 157 3926 tus
178 3863 347 3930 ebdomas
368 3862 503 3931 fratrum
525 3865 558 3930 iu
580 3865 688 3948 regnis
710 3864 860 3948 predictis
882 3868 916 3928 et
937 3861 971 3928 in
993 3861 1138 3946 partibus
1160 3862 1202 3928 ad
1223 3861 1294 3944 ipsa
1317 3859 1369 3926 vel
1391 3859 1451 3938 ali·

4 3933 6 4020 ᾗ
105 3949 189 4029 quod
211 3947 355 4032 ipsorum
376 3949 615 4034 pertinentibus,
649 3955 715 4017 tem
750 3950 834 4016 iuter
855 3947 966 4016 fideles
988 3967 1084 4031 quam
1106 3948 1189 4015 inter
1210 3945 1355 4014 infideles
1378 3963 1451 4014 cou-

103 4035 222 4102 stituta
244 4053 302 4103 seu
325 4043 505 4105 mustructa
527 4043 560 4106 et
582 4039 615 4104 in
637 4036 779 4104 futurum
808 4036 1018 4104 ccmtruenda
1052 4041 1085 4102 et
1106 4034 1234 4102 illorum
1256 4034 1372 4102 fratres
1395 4053 1452 4118 per

105 4121 245 4188 eundem
275 4123 430 4191 uestium
456 4124 569 4205 Boane,
600 4123 737 4192 electum
759 4141 818 4208 per
839 4124 995 4190 dictorum
1017 4086 1157 4190 locorum
1188 4121 1313 4204 iratres,
1341 4126 1374 4186 et
1395 4139 1452 4203 per

128 4207 288 4276 rinmmmu
322 4209 502 4293 generalem
536 4211 763 4291 confirmatum,
796 4210 951 4292 regendos
983 4213 1017 4276 et
1054 4208 1292 4292 gubernandos,
1326 4211 1452 4292 pretato

132 4295 250 4363 mercii
271 4296 418 4365 ministm
439 4299 602 4384 duntaxat,
632 4297 823 4366 auctoritate
852 4295 1042 4364 universalis
1064 4295 1207 4375 ecclesis,
1238 4295 1321 4361 sicut
1343 4313 1362 4362 a
1384 4293 1453 4360 lon-

4 4467 5 4470 ,
132 4381 247 4450 issimis
277 4385 473 4468 temporibus
503 4385 630 4454 inerunt
660 4383 845 4452 subiieimus
876 4387 908 4450 ct
930 4383 1130 4450 decernimus
1152 4401 1189 4450 ae
1211 4381 1357 4450 volumus
1379 4382 1452 4447 sub·

128 4486 221 4556 rcere,
255 4471 305 4538 ita
328 4472 411 4552 quod
431 4471 642 4552 provinciales
670 4471 809 4537 ministri
831 4489 887 4538 seu
909 4469 965 4536 alii
990 4470 1116 4554 inipso
1139 4468 1249 4536 ordine
1271 4466 1451 4551 superiores

4 4545 5 4638 ζ
132 4557 262 4642 eputari,
287 4555 411 4626 nullam
432 4559 465 4626 in
494 4559 581 4628 dicta
608 4558 679 4628 locs
708 4555 856 4638 claustra,
886 4562 1068 4639 conventus,
1092 4573 1130 4626 ao
1151 4557 1260 4623 domos
1282 4559 1315 4620 st
1337 4553 1453 4621 iratres

4 4673 5 4702 ÷
144 4647 282 4717 rundsm
304 4645 554 4716 iurisdietionem
575 4647 723 4729 habeant,
745 4643 797 4714 vel
819 4643 961 4728 aliquam
988 4647 1195 4728 potestatem
1217 4643 1274 4710 sed
1288 4639 1453 4725 perpetuis
