3434 5260
248 295 310 356 500

246 499 460 582 gregationem
491 519 553 566 non
588 518 812 583 usquequaque
844 500 973 570 realiter
995 499 1193 568 informando
1226 500 1383 568 erectione
1405 499 1484 568 nom
1507 496 1597 567 tituli

245 585 489 668 Belgradiensis,
514 585 582 670 (qui
603 593 710 656 tamen
733 587 816 654 idem
839 591 887 654 est
911 605 982 653 cum
1005 587 1191 671 Sirmiensi),
1211 587 1259 654 uti
1281 586 1315 654 id
1337 605 1375 654 er
1395 583 1597 670 protbooolis

244 671 316 757 (sic)
339 679 480 759 apparet,
509 689 544 740 se
566 673 599 739 in
621 675 763 742 eiusdem
786 674 967 758 episcopum
989 675 1130 742 ordinari
1151 674 1344 758 procurauit.
1380 673 1464 745 Cum
1485 677 1597 744 autem

243 759 303 825 hoc
336 759 440 842 ipsum
473 759 589 827 factum
620 780 682 827 non
712 759 815 827 solum
844 759 992 845 religioso
1022 760 1115 827 fratri
1144 763 1241 828 Petro
1270 759 1446 843 Jurieuich,
1480 760 1596 828 itidem

243 845 363 912 ordinis
384 865 409 913 s.
433 846 593 914 Francisci
615 849 656 915 de
678 847 889 927 obseruantia,
914 852 1023 917 attunc
1045 847 1206 916 nominato
1227 845 1391 916 Sirmiensi
1406 849 1448 931 (si
1465 847 1596 931 quidem

242 931 436 1016 Belgradum
459 935 551 1000 sedes
574 935 711 1020 episcopi
734 941 767 1002 et
781 939 876 1018 eaput
891 935 1071 1019 prouinciae
1086 933 1268 1002 Sirmiensis
1283 933 1458 1019 extiterit);
1480 951 1597 1002 neruum

243 1017 341 1086 etiam
362 1019 425 1086 iuri
447 1025 555 1087 nostro
577 1021 675 1104 regio,
700 1023 784 1103 quod
805 1023 838 1086 in
860 1023 1060 1089 nominandis
1083 1021 1158 1088 dicti
1182 1022 1381 1105 episcopatus
1402 1021 1552 1106 personis
1574 1039 1595 1088 a

242 1106 398 1173 sexcentis
427 1111 460 1173 et
490 1105 634 1191 pluribus
666 1107 756 1176 annis
778 1107 942 1190 habemus,
965 1109 1106 1191 grauiter
1127 1109 1385 1192 praeiudicasset,
1408 1107 1594 1176 labentum

242 1191 305 1258 fuit
334 1211 390 1276 per
419 1191 563 1262 homines
595 1199 720 1262 nostros
742 1195 775 1260 in
798 1195 884 1262 cuma
907 1193 938 1262 S.
962 1195 999 1262 V.
1023 1201 1059 1262 ut
1081 1193 1357 1280 praespecificatue
1378 1194 1496 1264 titulus
1519 1191 1595 1261 Bel-

242 1279 419 1362 gradiensis
431 1279 620 1356 aboleretur,
638 1281 803 1364 dictusque
818 1283 932 1350 Petrus
947 1282 969 1348 J
971 1281 1120 1364 urieuich,
1136 1287 1416 1364 apraememorato
1427 1281 1594 1364 quondam

242 1365 272 1432 d.
296 1367 440 1449 genitore
471 1373 578 1434 nostro
610 1367 753 1451 legitime
784 1369 971 1448 nominatus,
1010 1367 1257 1438 confirmaretur.
1291 1368 1411 1436 Verum
1447 1386 1523 1436 cum
1560 1367 1595 1433 in

242 1451 347 1518 locum
382 1452 514 1520 antelati
546 1453 655 1521 fratris
688 1454 823 1522 Mariani
854 1455 1074 1522 Ibn'simouich
1104 1454 1260 1523 demortui
1289 1454 1460 1538 religiosus
1489 1453 1595 1522 frater

243 1539 411 1606 Matthaeus
433 1539 575 1620 Benlich,
598 1541 802 1626 praerepetiti
825 1541 943 1609 ordinis
966 1562 990 1608 s.
1014 1541 1174 1609 Francisci
1196 1543 1236 1608 de
1251 1541 1464 1624 obseruantia,
1480 1541 1596 1609 statim

243 1627 460 1713 successisset,
476 1629 584 1710 sicque
599 1628 632 1693 in
648 1629 776 1694 titulum
792 1627 883 1695 illum
897 1629 1093 1696 confirmatio
1108 1629 1262 1712 saepefati
1277 1625 1315 1694 ir.
1326 1627 1413 1695 Petri
1424 1627 1597 1698 Jurieuioh

244 1713 278 1778 in
300 1713 384 1779 hunc
406 1731 505 1794 usque
527 1714 611 1780 diem
634 1714 735 1781 dilate
757 1715 818 1780 luit
839 1734 953 1799 magno
975 1717 1079 1783 dictae
1101 1715 1254 1782 ecclesiae
1277 1715 1477 1782 detrimento.
1517 1715 1596 1782 Jam

242 1799 350 1882 itaque
383 1817 455 1866 cum
488 1807 621 1868 natante
654 1803 729 1869 sede
760 1803 958 1886 episcopatus
980 1803 1160 1882 Bosnensis‚
1189 1801 1280 1870 cuius
1302 1801 1476 1870 nominatio
1500 1801 1597 1869 nobis

244 1887 405 1970 competit,
421 1887 541 1970 optima
556 1886 754 1956 differentiae
765 1889 861 1956 buius
873 1889 1131 1972 complanationis
1143 1889 1265 1956 occasio
1278 1885 1437 1972 affulgeat,
1454 1888 1596 1956 eundem

202 2033 205 2040 .
244 1973 462 2058 episcopatum
493 1975 686 2042 Bosnensem
718 1975 802 2042 dicto
832 1974 924 2042 fratri
946 1975 1108 2044 Matthaeo
1131 1975 1264 2042 Benlich
1286 1974 1513 2042 eonferendum
1535 1975 1598 2042 du·

243 2061 357 2140 ximus,
388 2064 424 2126 ut
454 2059 574 2128 abolito
602 2081 659 2146 per
682 2061 713 2127 S.
737 2067 876 2130 raabam
899 2062 992 2128 titulo
1015 2061 1072 2128 illo
1094 2061 1313 2145 Belgradiensi
1336 2063 1463 2130 nouiter
1486 2068 1595 2130 erecto

244 2146 349 2230 (cuius
371 2146 411 2214 de
433 2147 517 2213 facto
541 2147 569 2214 is
591 2167 754 2230 possessor
776 2149 906 2230 existit),
937 2149 1065 2218 tandem
1097 2149 1375 2232 supranominatus
1398 2147 1517 2216 Petrus
1537 2149 1598 2215 Ju-

244 2233 365 2300 rieuich
388 2234 420 2298 in
443 2233 572 2300 titulum
595 2234 799 2301 Sirmiensem
813 2233 953 2318 legitime
968 2237 1149 2302 nominatus
1164 2235 1376 2316 confirmetur,
1394 2234 1596 2318 ecdesiaque

242 2318 301 2387 ille
324 2318 503 2388 Sirmiensis
525 2321 584 2388 sub
607 2341 670 2388 uno
692 2328 828 2404 pastore,
852 2324 900 2388 uti
922 2323 1075 2391 hactenus
1108 2341 1242 2406 semper,
1272 2319 1448 2404 tranquilla
1467 2340 1548 2406 pace
1563 2327 1598 2388 et

243 2405 419 2485 concordia,
450 2407 619 2489 fructuque
642 2407 801 2491 spirituali
823 2407 968 2493 ampliori
991 2409 1116 2476 fruatur
1139 2415 1172 2476 et
1193 2410 1340 2493 gaudeat
1375 2408 1422 2475 Ac
1457 2409 1594 2492 proinde

242 2491 1398 2667 linuitdiutilislmliluldilafflllla⁰lllilllt³ln3lnill⁰bli
1420 2496 1591 2668 effi

638 2629 645 2662 l

243 2665 378 2732 eeclesia
410 2665 489 2734 adeo
520 2667 591 2734 utili
621 2687 760 2735 annuere
785 2670 942 2752 dignetur,
977 2689 1079 2753 neque
1099 2670 1248 2738 miseram
1270 2668 1360 2736 illam
1382 2668 1512 2754 plebem
1543 2687 1596 2738 ce·

244 2749 395 2820 thelicam
425 2753 458 2820 in
488 2759 536 2820 tot
568 2753 734 2822 scissiones
757 2759 790 2822 et
812 2756 986 2824 discordias
1007 2777 1123 2841 magno
1146 2755 1388 2824 christianitatis
1411 2757 1531 2824 damno
1545 2757 1595 2822 ire

244 2839 402 2922 patiatur3
427 2839 505 2908 elias
528 2859 599 2906 cum
614 2841 787 2910 nominatio
811 2841 852 2910 ad
874 2843 976 2909 dictos
997 2847 1195 2928 episcopatus
1218 2843 1414 2910 Bosnensem
1430 2847 1466 2910 et
1481 2841 1596 2909 Sirmi·

241 2945 346 2992 ensem
370 2927 408 2994 ed
433 2931 575 2994 nostram
597 2927 843 2996 nominationem
865 2949 885 2997 a
907 2935 955 2997 tot
976 2929 1091 2998 seculis
1114 2929 1291 3012 priuilegiis
1313 2929 1404 2996 nobis
1426 2931 1595 3014 apraede·

241 3013 418 3080 cessoribus
441 3011 472 3079 S.
496 3019 621 3081 vestrae
643 3015 755 3084 beatae
771 3017 941 3084 memoriae
956 3017 1125 3102 superinde
1142 3016 1299 3084 concessis
1314 3036 1353 3083 ex
1368 3034 1407 3084 eo
1422 3017 1594 3099 pertineat

242 3101 327 3182 quod
349 3099 528 3182 provinciae
544 3100 620 3169 illae
642 3120 752 3170 sacrae
774 3104 864 3185 regni
888 3104 987 3169 nostri
1009 3103 1193 3186 Hungariae
1215 3121 1350 3172 coronae
1365 3103 1432 3169 sint
1446 3105 1593 3205 incorpo

241 3191 341 3270 ratae,
365 3205 422 3253 nes
445 3207 568 3271 quoque
591 3207 719 3257 causam
741 3189 824 3256 hanc
846 3189 1014 3258 amissione
1037 3191 1115 3258 iuris
1137 3192 1239 3257 nostri
1260 3190 1340 3272 regii
1363 3189 1594 3342 inxprovuncias

242 3273 345 3340 dictas
375 3273 505 3341 minime
535 3274 682 3342 deserere
705 3293 880 3360 possumus.
916 3275 1005 3343 Nulli
1028 3277 1222 3358 dubitantes,
1246 3275 1324 3360 quin
1344 3274 1376 3343 S.
1432 3295 1525 3344 ‚nee
1547 3276 1594 3342 uti

240 3357 341 3428 filium
362 3359 423 3428 sibi
445 3362 684 3428 deuotissimum
707 3365 739 3428 in
762 3363 855 3429 dictis
877 3363 999 3430 iuribus
1021 3367 1137 3431 nostris
1153 3383 1216 3430 non
1230 3363 1334 3430 solum
1351 3370 1592 3444 conseruntura,

239 3465 351 3514 uerum
381 3447 478 3514 etiam
508 3454 618 3514 contra
641 3449 720 3515 alios
742 3450 871 3530 quosuis
894 3447 1091 3534 impetitores
1113 3453 1245 3534 paterne
1267 3447 1388 3518 tuitura
1415 3453 1469 3534 sit,
1494 3456 1593 3534 atque

239 3533 415 3601 defensura.
438 3534 546 3601 Faciet
564 3535 596 3599 in
611 3535 670 3601 hoc
685 3536 837 3604 sanctitas
852 3542 957 3604 vestra
972 3556 1040 3604 rem
1056 3537 1230 3605 catholicae
1245 3535 1400 3605 ecclesiae
1414 3536 1593 3620 proficuam

239 3625 273 3688 et
305 3621 395 3688 nobis
418 3621 639 3707 gratissimam,
671 3640 765 3705 quam
796 3625 835 3690 de
858 3628 964 3690 vestre
986 3625 1154 3692 sanctitate
1187 3623 1390 3691 obseruantia
1412 3621 1592 3706 officiisqm

239 3705 394 3773 filialibus·
413 3707 538 3774 omuino
562 3709 817 3790 promerebimur.
847 3709 905 3776 Oui
929 3729 988 3777 nos
1011 3714 1050 3778 de
1072 3709 1195 3792 reliquo
1216 3715 1401 3778 reuerentes
1423 3709 1592 3778 offerimus

239 3798 272 3860 et
282 3793 461 3876 obsiquiose
471 3798 732 3862 commendamus.
747 3797 867 3864 Datum
882 3797 915 3861 in
927 3796 1057 3865 ciuitate
1073 3805 1181 3866 nostra
1196 3797 1320 3864 Vienna
1335 3797 1387 3863 die
1404 3802 1456 3864 29.
1469 3796 1593 3864 mensis

236 3881 374 3962 januarii
397 3900 479 3948 anno
491 3881 610 3948 domini
629 3887 721 3948 1661.
738 3884 919 3966 Regnorum
935 3889 1114 3951 nostrorum
1128 3884 1263 3952 Romani
1279 3883 1385 3965 tertio,
1401 3883 1592 3968 Hungariae

239 3972 272 4034 et
294 3965 487 4050 reliquorum
510 3969 630 4051 quinto,
653 3969 824 4036 Bohemiae
843 3989 917 4038 vero
933 3989 1015 4039 anno
1031 3976 1154 4054 quarto.
1171 3970 1322 4040 Eiusdem
1338 3969 1444 4040 Senot.
1461 3975 1592 4039 vestm

239 4055 407 4135 obsequen.
431 4053 514 4120 filius
538 4055 725 4138 Leopoldus.

301 4139 430 4193 Tabular.
448 4157 500 4196 con
521 4157 577 4210 reg.
596 4139 632 4195 de
659 4157 774 4211 propag.
802 4141 857 4196 fide
885 4143 952 4211 orig.
972 4142 1025 4198 vol.
1043 4143 1102 4197 31u
1121 4141 1165 4197 De
1182 4143 1242 4198 iure
1260 4140 1421 4198 nominandi
1439 4158 1456 4198 e
1477 4143 1591 4214 ieoopo⁸

237 4207 398 4277 bomensor,
417 4210 483 4264 item
500 4157 535 4264 ge
560 4211 675 4265 ccclesia
700 4211 873 4280 belgradensi
899 4229 923 4266 v.
945 4211 1081 4267 Tbeiraer:
1108 4211 1212 4268 Vetera
1238 4217 1420 4269 monumenta
1491 4229 1566 4270 vorm

237 4277 331 4334 merid.
351 4278 390 4334 11.
410 4281 555 4348 152-160,
576 4282 633 4349 172,
653 4282 712 4350 206,
731 4282 791 4337 213.

517 4422 808 4490 dccccxxxix.
839 4423 933 4510 leti,
957 4423 976 4494 5
998 4421 1121 4508 Martii,
1146 4423 1301 4496 Viennae.

303 4525 484 4626 Leopoldus
506 4527 529 4592 I.
552 4528 725 4629 imperator
747 4535 780 4596 et
802 4529 1237 4630 cornuumaueniens,
1254 4529 1334 4600 alies
1350 4530 1515 4632 Grubisit,
1531 4529 1570 4600 lib

237 4609 349 4677 barem
371 4615 411 4679 de
433 4613 563 4697 Olouac,
580 4621 722 4682 restituit
736 4635 949 4700 possessrones
971 4617 1043 4696 „Lis
1064 4617 1071 4634 '
1100 4618 1353 4702 Dragancaichij,
1369 4619 1570 4702 samaram

238 4697 406 4782 Poniozlra,
436 4700 683 4788 lllilankouichii‚
714 4703 895 4787 Gleviczuo,
925 4703 1031 4791 Salam
1088 4705 1222 4788 zonula,
1252 4705 1432 4790 Dastaotio,
1457 4707 1561 4777 Rern
