3406 5262
218 286 279 350 148

521 484 731 554 mccxxiii.
760 485 852 569 1431,
876 485 895 556 3
920 485 1116 571 Decembris,
1140 484 1252 557 rane.

214 611 436 698 Sipismunrtus
457 630 513 676 ren
536 613 647 676 incitet
679 631 704 676 s.
736 609 887 674 Jacobum
918 610 956 674 de
978 607 1134 694 Morrhio,
1167 617 1201 674 ut
1223 631 1261 674 ue
1283 607 1434 674 81111111
1455 625 1565 694 quone
1692 665 1693 680 ἶ

211 701 351 785 prinum
375 697 906 764 Τ1111111111111111111111111111
936 717 1005 761 cum
1027 696 1225 780 mopnetibns
1251 703 1305 764 ete.
1324 717 1386 782 per
1408 695 1565 760 universi·
1692 751 1693 758 ,

630 789 723 850 tutem
746 783 955 849 Bobemorum
977 783 1147 866 deputatis.

278 906 498 990 sigismundus
527 907 587 974 Dei
618 907 724 988 gratie
754 905 968 974 Romanorum
989 906 1161 990 imperator
1184 923 1312 988 semper
1333 908 1501 987 angustus,
1526 921 1565 970 ac

213 994 384 1079 Hungarie,
406 993 567 1075 Bohemie,
590 992 763 1074 Delminio,
789 992 920 1062 Groscie
943 999 1003 1060 etc.
1027 1012 1091 1060 ren.
1116 991 1278 1075 Religiose
1300 1010 1338 1060 ec
1358 991 1429 1057 Deo
1445 990 1564 1057 deuote

213 1083 272 1162 vir,
294 1081 446 1164 nobisque
476 1081 599 1148 sineere
628 1079 753 1147 dilecte.
784 1080 866 1158 Quia
894 1097 977 1147 nune
1008 1079 1150 1146 nonnulli
1172 1080 1307 1146 barones
1330 1081 1363 1144 et
1385 1076 1508 1143 milites
1531 1080 1566 1141 et

212 1168 414 1236 civitatenses
435 1167 567 1234 Bohemi
590 1168 630 1234 de
652 1185 751 1250 regno
772 1173 881 1233 nostro
902 1166 1054 1234 Bohemie
1084 1166 1169 1250 (per)
1192 1164 1435 1232 universitatem
1456 1162 1562 1230 Bohe-

211 1273 335 1322 morum
358 1254 397 1321 sd
420 1272 477 1320 nos
499 1253 587 1320 missi
610 1253 693 1337 apud
715 1260 865 1336 nostram,
887 1254 921 1318 in
943 1254 1002 1320 hoc
1016 1251 1085 1320 loeo
1107 1254 1254 1334 existunt,
1275 1252 1440 1319 constituti
1462 1251 1563 1318 maie

211 1347 336 1426 statem,
360 1345 592 1425 proptereaque
614 1359 748 1422 persona
770 1347 876 1408 vestra
897 1359 955 1423 pro
981 1340 1181 1424 reportando,
1205 1358 1262 1422 per
1284 1340 1381 1406 vestri
1405 1337 1561 1416 medium,

211 1429 280 1495 Deo
301 1429 452 1515 propicio,
474 1429 522 1494 uti
544 1430 576 1492 in
600 1426 735 1494 Domino
758 1445 931 1510 speremus,
955 1429 995 1493 de
1018 1427 1064 1492 eis
1086 1426 1224 1494 fructum
1243 1425 1357 1493 salutis
1380 1431 1430 1492 est
1453 1441 1563 1490 neces·

211 1516 304 1582 serie.
328 1514 405 1582 Ideo
436 1520 572 1582 vestrum
602 1513 793 1595 requirimus
826 1519 859 1580 11
880 1533 1028 1597 rogemus
1059 1513 1263 1581 deuocionem
1286 1511 1392 1579 eidem
1416 1511 1562 1578 commit-

211 1602 317 1682 tendo,
340 1605 498 1683 quatenus
521 1601 630 1668 statim
659 1601 767 1682 agnita
797 1601 995 1683 presencium
1028 1600 1154 1676 noticia,
1178 1600 1211 1666 in
1224 1617 1329 1682 ‘curru
1351 1606 1384 1666 et
1406 1598 1500 1680 equis
1523 1614 1564 1663 ac

212 1687 359 1772 expensis
387 1706 447 1771 per
467 1685 595 1754 fidelem
625 1691 767 1753 nostrum
798 1688 1006 1753 reverendum
1029 1687 1062 1752 in
1085 1686 1211 1753 Christo
1237 1691 1362 1769 petrem
1384 1684 1564 1750 Henricum

215 1779 398 1858 episcopum
427 1772 798 1856 quinqueecolesiensem,
829 1773 857 1840 si
886 1773 919 1838 in
947 1773 1154 1840 civitatores
1177 1773 1295 1840 diocesi
1318 1769 1562 1855 qninqneeccle·

213 1861 321 1943 1111111,
343 1861 426 1928 sieut
445 1861 536 1926 nobis
552 1861 671 1926 dictum
686 1865 745 1942 est,
759 1860 897 1926 existitis
912 1861 1113 1940 constitutae,
1133 1858 1185 1926 vel
1199 1859 1361 1928 dominum
1376 1857 1563 1940 episcopum

211 1947 410 2028 bonnensem,
432 1948 459 2014 si
482 1947 515 2012 in
538 1947 650 2030 Dpslro
673 1947 759 2028 estis,
782 1948 896 2028 quibus
917 1947 1029 2012 exinde
1045 1945 1232 2030 singillatim
1246 1946 1419 2014 direximus
1434 1945 1560 2026 scripte

210 2039 320 2102 nostre
349 2041 455 2101 vestre
484 2032 630 2102 fidelitati
660 2034 860 2114 assignanda,
893 2033 955 2100 huc
984 2035 1024 2101 ed
1059 2039 1200 2100 nostram
1233 2039 1390 2114 quatenus
1423 2030 1562 2096 venietis

211 2121 433 2204 maiestatem
457 2120 640 2202 scripsimus
663 2121 758 2204 enim,
783 2125 818 2186 ut
839 2118 1008 2204 prefertur,
1032 2124 1065 2186 et
1086 2120 1307 2186 mendavimus
1329 2137 1386 2202 per
1408 2117 1490 2184 alies
1505 2115 1563 2182 lit-

211 2214 299 2276 teras
320 2213 446 2274 nostres
468 2205 600 2288 prefatis
621 2207 757 2273 dominis
778 2208 935 2289 episcopis
957 2205 1278 2289 quinqueecclesiensi
1293 2211 1327 2273 et
1342 2205 1504 2283 bonnensi,
1525 2208 1563 2270 ut

213 2293 295 2361 alter
317 2312 435 2378 eorum,
464 2293 498 2360 in
529 2295 618 2360 cuius
647 2293 794 2359 videlieet
824 2293 941 2360 diocesi
971 2312 1054 2358 nunc
1084 2293 1237 2375 existetis,
1263 2293 1414 2359 incursu
1437 2291 1505 2358 leui
1529 2294 1563 2355 et

213 2381 304 2464 equis
326 2381 505 2447 recentibus
528 2386 623 2461 etque
654 2381 799 2464 expensis
828 2381 894 2447 suis
924 2379 1061 2464 propriis
1083 2399 1139 2446 vos
1172 2383 1206 2446 et
1227 2385 1366 2446 vestrum
1390 2395 1560 2460 personum

212 2471 253 2535 ad
275 2472 414 2535 nostram
446 2467 578 2533 conduci
607 2465 726 2533 fuciunt
756 2467 968 2544 maiestatem
1001 2465 1089 2534 aliud
1112 2485 1188 2548 ergo
1210 2466 1243 2532 in
1266 2465 1326 2532 hoc
1348 2483 1410 2531 non
1432 2463 1561 2530 facturi

212 2555 334 2621 Datum
355 2553 389 2619 in
412 2553 494 2622 'lata
516 2551 654 2620 Subbato
676 2553 817 2634 proximo
841 2559 912 2636 post
934 2553 1050 2618 lestum
1065 2554 1168 2620 sancti
1183 2551 1309 2620 Andree
1324 2549 1459 2636 apostoli
1476 2569 1560 2617 anno

211 2641 329 2707 domini
360 2664 547 2707 nmcoxxxr.
577 2657 747 2721 regnorum
770 2645 947 2706 nostrorum
973 2659 1055 2706 enno
1077 2639 1240 2722 Hungarie
1263 2659 1354 2706 xnmo
1377 2657 1469 2720 nono,
1494 2638 1559 2703 Ro·

208 2745 369 2794 11111111..
393 2727 545 2793 Bohemie
567 2750 619 2807 xv,
643 2727 767 2808 imperii
789 2745 865 2792 vero
883 2727 991 2792 tercio.

276 2813 328 2897 (In
351 2813 469 2897 dorso).
501 2811 662 2892 Religioso
695 2819 728 2879 11
750 2811 809 2879 deo
831 2813 948 2880 deuoto
978 2814 1055 2896 viro,
1078 2813 1171 2880 fratri
1197 2813 1319 2879 Jacobo
1341 2812 1381 2879 de
1403 2810 1559 2896 Maronis,

206 2900 326 2968 vicario
350 2901 521 2966 vicariatus
543 2899 655 2976 Bosne,
680 2898 772 2966 nobis
794 2900 828 2964 in
851 2899 977 2964 christo
999 2899 1122 2966 sincere
1145 2897 1271 2966 dilecto.

275 2992 369 3052 1435.
393 2985 511 3070 (Erant
532 2983 737 3068 complicatae
761 2989 794 3052 et
815 2985 921 3068 sigillo
943 3004 1035 3052 cerae
1061 2986 1176 3052 rubrae
1199 2987 1353 3068 impresso
1390 2983 1559 3068 11111111).

273 3105 319 3161 Ex
337 3104 463 3174 original.
490 3105 519 3158 in
546 3102 664 3159 tsbnlsr.
691 3110 843 3160 conventus
870 3105 1062 3161 1111111111.
1089 3104 1163 3162 della
1184 3103 1267 3162 Nove
1284 3103 1427 3176 Neapolit.
1446 3103 1560 3160 Keller:

210 3174 340 3231 Historia
357 3173 490 3230 eeclesiae
508 3173 697 3244 quinqneecol.
716 3173 770 3242 ΙΠ,
789 3175 849 3230 350.

461 3346 689 3417 DOOXXXIII.
716 3347 808 3432 1431,
835 3349 873 3418 17
897 3347 1094 3438 Decembris,
1117 3347 1306 3420 1111111111.

209 3471 249 3538 P.
282 3471 459 3537 Guilelmus
492 3473 530 3536 de
555 3471 679 3537 Cassiis
709 3473 871 3553 confirmet
904 3477 1046 3538 sanctum
1076 3471 1229 3537 Joecbum
1251 3475 1287 3539 ire
1309 3471 1412 3554 officio
1435 3473 1561 3556 vicarii,

208 3567 332 3625 reuocat
355 3577 460 3624 omnes
480 3561 606 3644 pretias
625 3559 784 3643 frutribus
807 3580 987 3644 neeessas;
1009 3561 1118 3625 scribit
1140 3563 1270 3643 insuper
1286 3559 1323 3623 de
1337 3559 1437 3623 misse
1453 3579 1561 3623 cerem

208 3648 247 3713 de
262 3647 333 3731 ficte
355 3647 505 3730 suspectis
526 3667 589 3710 non
612 3647 798 3712 celebrande
821 3667 858 3711 oe
878 3648 915 3711 de
938 3649 1041 3712 osculo
1061 3655 1173 3732 patene
1195 3654 1223 3711 et
1233 3647 1325 3731 pacis
1336 3669 1349 3730 ;
1371 3645 1439 3710 uuit
1455 3647 1561 3728 etiam,

329 3741 365 3798 ut
384 3733 505 3818 fratres
528 3733 665 3798 vicariae
687 3734 866 3798 renuntient
887 3735 953 3798 iuri
975 3735 1110 3818 stipendi
1131 3733 1195 3799 sibi
1211 3735 1366 3799 11111νί11111
1387 3739 1442 3798 cte.

277 3853 406 3921 Jhesus.
441 3853 576 3921 Domino
606 3855 685 3922 Jesu
716 3853 843 3922 Christo
874 3854 932 3920 filii
961 3857 1005 3921 mi
1035 3855 1138 3922 refero
1175 3855 1294 3938 gratim
1325 3859 1357 3920 et
1387 3854 1560 3920 virtutibus
1645 3853 1655 3876 '

209 3941 275 4008 tuis
297 3959 355 4026 pro
377 3946 466 4008 tento
489 3941 582 4024 bono,
606 3942 689 4024 quod
711 3941 865 4008 Dominus
889 3947 1038 4027 operatus
1060 3949 1110 4008 est
1129 3947 1161 4008 te
1183 3941 1343 4009 mediante
1357 3942 1391 4007 in
1408 3940 1559 4008 reforma·

151 4031 153 4035 ’
205 4029 292 4096 tione
307 4026 395 4094 illius
416 4027 543 4109 viceris
572 4047 633 4109 que
656 4047 694 4094 ex
722 4029 913 4114 visitatione,
945 4048 1040 4112 quem
1070 4029 1111 4096 ad
1134 4049 1184 4095 me
1206 4029 1333 4113 misisti,
1359 4026 1559 4096 1111111111-

205 4115 288 4182 sime
310 4114 371 4182 luit
393 4114 426 4181 in
449 4114 592 4198 quolibet
613 4132 739 4197 genere.

271 4218 409 4286 Etcum
431 4238 469 4285 eo
492 4237 530 4285 ex
559 4219 678 4284 honore
709 4219 787 4284 mihi
809 4219 950 4286 iniuncto
980 4220 1173 4302 cupivissem
1194 4237 1270 4302 sepe
1292 4217 1432 4285 fructum
1455 4217 1553 4284 reior-

207 4306 356 4374 mstionis
378 4303 475 4386 illius,
499 4311 531 4371 te
553 4305 636 4370 inter
669 4313 790 4372 ceteros
823 4311 931 4374 nostre
961 4305 1173 4392 professiones
1195 4306 1311 4374 fratres
1346 4303 1558 4372 electissimos

207 4393 287 4458 milri
309 4390 425 4459 obtulit
447 4393 488 4458 ad
510 4392 571 4458 hoc
585 4397 730 4458 sunctum
744 4411 823 4476 opus
838 4392 1067 4460 conficiendum
1092 4393 1311 4460 misericordie
1325 4391 1404 4460 Jesu
1417 4390 1557 4472 christu

208 4497 249 4546 ne
270 4477 369 4561 igitur
390 4479 422 4544 in
445 4496 562 4545 venum
583 4478 645 4544 Dei
666 4479 802 4560 gretiam
825 4480 985 4562 accepisse
1013 4481 1178 4550 videamur
1194 4527 1202 4546 .
1220 4529 1254 4549 ..
1278 4499 1317 4546 ex
1333 4529 1342 4544 .
1359 4530 1366 4545 .
1384 4529 1417 4544 ..
1440 4477 1558 4548 litteris

208 4565 272 4632 hiis
294 4566 402 4632 11111111
430 4565 605 4648 percipies:
637 4566 774 4648 primum
803 4565 948 4634 anuendo
979 4568 1126 4652 precibus
1158 4567 1295 4636 fratrum
1317 4565 1436 4635 vicarie
1467 4570 1501 4632 te
1524 4569 1558 4632 ut

212 4651 336 4720 institui
358 4652 511 4720 vicarium
540 4652 587 4720 eis
608 4652 812 4737 ordinarium,
844 4655 890 4722 ita
913 4654 1072 4740 confirmo,
1096 4660 1128 4722 et
1150 4653 1371 4723 confirmatum
1394 4673 1466 4723 esse
1488 4650 1558 4720 volo
