3428 5256
1406 171 1468 236 199

419 368 672 439 DGGOXLVIII.
700 369 792 460 1445,
817 371 858 442 27
882 370 986 460 lorti,
1009 371 1166 444 15554115.

190 493 335 574 Quatuor
355 494 533 563 oratoribus
559 495 701 576 ,comitis
732 494 896 582 Stephani,
925 499 1032 580 magri
1062 499 1203 582 voyuode
1233 495 1375 581 Boasire,
1409 497 1465 582 qui

127 581 255 648 Venetis
280 581 435 665 „intendit
458 599 527 650 esse
549 584 650 650 bouus
672 581 787 666 filius“,
810 585 1047 670 respondeatur,
1083 585 1168 668 qnod
1205 586 1414 669 ,comitantur
1439 585 1468 654 51

125 669 297 754 praeterita
320 675 352 735 et
374 669 407 736 in
430 671 546 738 bonum
569 669 670 738 lilium
692 675 940 740 reassnmatur“.

184 773 301 841 marsa
318 773 433 842 55555,
451 772 501 844 ux,
519 773 579 828 555.

410 929 632 999 nocerent.
660 929 752 1019 1455,
778 929 816 1001 la
840 931 990 1018 Augusti,
1013 929 1171 1004 Veretlls.

185 1053 378 1124 Oratoribus
399 1055 507 1138 magni
530 1055 670 1140 uoyvode
692 1054 856 1122 besuensis
878 1052 1030 1140 Stephani
1052 1054 1269 1139 respondetur,
1301 1058 1385 1140 qnod
1409 1057 1466 1125 do-

125 1142 258 1209 minium
280 1148 425 1211 veretum
448 1142 585 1210 libenter
607 1143 725 1209 dictum
747 1143 921 1228 uoyvodam
957 1145 1121 1227 ,reputet“
1153 1161 1245 1210 sunm
1270 1143 1466 1230 „amicnm“;

127 1230 206 1312 qnod
229 1229 377 1298 Antibari
399 1235 432 1296 et
453 1227 600 1312 dimissa,
624 1227 709 1297 bello
732 1230 869 1314 aquisita
890 1227 969 1311 loca,
993 1229 1119 1297 restitui
1142 1249 1204 1296 ror
1219 1231 1357 1313 possirt;
1381 1234 1467 1316 quod

124 1317 246 1399 domus,
270 1336 364 1400 quam
387 1315 504 1384 Sandal
527 1317 639 1384 habuit
668 1315 777 1384 Catari
808 1321 840 1383 54
869 1316 1017 1397 iaderae,
1047 1315 1184 1386 libenter
1212 1318 1273 1402 ipsi
1305 1319 1466 1388 endendae

126 1404 204 1489 sint3
228 1405 276 1472 ita
298 1407 394 1472 etiam
416 1405 527 1472 domus
548 1405 702 1490 Venetiia,
725 1405 979 1488 quamprimum
1002 1403 1139 1470 obtineri
1161 1405 1310 1486 potuerit.

182 1507 298 1576 1555545
316 1507 429 1576 Lisldne,
447 1506 502 1574 IX,
519 1505 579 1563 215.
597 1505 761 1564 Oratoribus
778 1506 855 1564 hisce
872 1507 1010 1564 contortis
1028 1507 1187 1578 assignatum
1206 1507 1312 1565 donum
1325 1526 1416 1582 nsque
1428 1509 1465 1566 ad

125 1593 261 1634 summam
281 1577 332 1634 120
348 1578 520 1636 ducatorum.
538 1576 610 1633 Ibid.
629 1578 689 1634 226.

452 1751 594 1820 echon.
621 1751 713 1838 1445,
737 1751 778 1822 23
802 1751 952 1839 Augusti,
976 1749 1134 1823 Venctlls.

183 1877 274 1944 Inter
308 1876 482 1944 dominium
504 1875 660 1943 Veretum
683 1881 717 1942 54
738 1895 780 1944 nr.
796 1877 969 1962 voyuodsm
984 1877 1171 1944 boanereem
1187 1875 1385 1960 Stephanum
1402 1878 1464 1966 ,45

123 1962 239 2031 Sokol“
277 1983 333 2046 per
365 1964 465 2047 ipsius
496 1969 646 2042 oratores,
675 1964 864 2047 magistrum
895 1963 1001 2032 curiae
1031 1963 1214 2050 Georgium,
1243 1965 1399 2034 ioannem
1431 1971 1464 2034 et

122 2050 257 2120 Vlatcho
275 2053 336 2134 ,45
350 2049 571 2136 Pochnaliza“‚
594 2055 627 2118 ot
641 2050 800 2138 Grupcho,
814 2071 876 2136 pan
899 2050 1107 2136 concluditur,
1130 2071 1193 2136 qua
1211 2051 1392 2136 Stephanus
1414 2072 1462 2120 re-

123 2139 231 2206 stituit
253 2139 384 2206 Venetis
398 2138 580 2206 Antibauim
602 2143 635 2205 et
655 2137 847 2208 Dalmissam
870 2145 1010 2222 tempore
1025 2137 1102 2208 belli
1117 2139 1158 2208 ab
1173 2139 1268 2222 ispsis
1283 2145 1462 2223 occupatae,

121 2225 236 2382 {carati
267 2243 343 2294 5555
376 2224 537 2310 Stephano
568 2227 732 2310 resignant
764 2228 874 2296 domos
907 2226 1064 2310 quondam
1098 2223 1229 2296 Sandall
1264 2225 1393 2298 (iathari
1427 2234 1461 2296 54

142 2332 268 2382 aerae.

180 2417 297 2486 wahe:
314 2415 421 2476 15151155
436 2415 490 2486 ΙΧ,
509 2415 570 2472 227.

445 2591 608 2662 hccchl.
634 2591 768 2681 144441
794 2591 1133 2675 barthemolin.

24 2715 25 2718 ’
121 2713 239 2781 Petraea
262 2717 426 2801 epiecopus
453 2715 688 2798 Oscncdiersio,
711 2715 755 2781 54
773 2735 881 2803 preces
900 2717 947 2802 fr.
971 2714 1132 2782 Benedicti
1154 2715 1193 2782 de
1215 2712 1343 2780 Kelesir
1359 2723 1465 2782 45555-

119 2799 203 2868 sami
221 2802 308 2887 socii
321 2801 493 2888 Bapeninii
508 2801 575 2870 PP.
591 2801 610 2866 1
618 2801 653 2870 V.
670 2803 787 2869 bullam
812 2803 995 2884 „Romanus
1010 2801 1177 2888 Pontifex*
1197 2803 1306 2870 454555
1324 2803 1375 2867 30.
1392 2823 1463 2888 555-

24 2949 25 2956 ,
120 2890 249 2957 enebris
272 2911 355 2956 5555
378 2891 479 2976 1433,
502 2911 566 2974 555
588 2889 696 2977 opiter
719 2891 757 2958 de
778 2891 964 2977 5545554555
988 2891 1185 2960 moventibus
1214 2892 1353 2956 cicoriee
1384 2889 1461 2957 Bos·

555 2982 660 3044 555545
682 2979 726 3044 cd
748 2977 868 3044 Istrum
890 2980 1025 3045 situatis.

24 3131 25 3180 3
180 3100 220 3166 In
244 3097 369 3168 nomine
390 3099 517 3167 Domini
539 3099 650 3168 Amen.
673 3099 839 3168 1151555515
860 3105 894 3167 54
915 3099 1049 3186 siugulis
1072 3118 1203 3184 5555555
1226 3099 1380 3183 scriptum
1403 3118 1461 3168 555
1551 3123 1552 3126 ’

121 3186 285 3272 publicum
307 3188 551 3255 instrumentum
573 3187 688 3254 5155515
712 3189 825 3255 Petrus
847 3187 908 3254 Dei
930 3195 963 3254 ot
985 3187 1156 3272 apostolice
1172 3187 1257 3256 55415
1272 3187 1381 3270 gracia
1396 3187 1463 3270 epi·

120 3293 234 3358 scopus
258 3273 390 3343 ecclesie
412 3273 617 3352 charadion,
640 3273 776 3342 salutm
791 3276 823 3340 in
839 3275 973 3342 Domino
988 3281 1081 3358 grata
1102 3293 1174 3342 cum
1190 3325 1197 3340 .
1215 3323 1223 3343 .
1243 3326 1249 3342 .
1267 3273 1343 3356 [hd]
1358 3278 1463 3342 restra

24 3439 25 3450 ³
118 3363 338 3430 uniuersitatis
375 3363 604 3448 uestrumlque]
639 3361 807 3430 cuiuslibet
829 3361 976 3430 noticiam
1003 3363 1117 3430 harum
1146 3362 1229 3430 serie
1260 3360 1462 3428 deducimus:

24 3459 26 3480 ²
118 3450 200 3534 qnod
224 3449 394 3532 religiosus
415 3449 465 3516 515
486 3449 585 3516 frater
607 3449 798 3516 Benedictus
820 3451 860 3517 45
881 3449 1031 3516 Κ5155555
1053 3448 1173 3518 5541515
1195 3447 1330 3515 henum
1352 3447 1393 3515 de
1409 3449 1462 3518 ob

117 3536 281 3604 555555415
303 3537 335 3602 15
358 3555 415 3602 555
438 3555 475 3604 55
497 3536 645 3604 55155555
666 3538 807 3604 omnium
822 3542 854 3604 et
868 3535 1065 3620 singulorum
1087 3536 1223 3604 15545555
1245 3535 1390 3603 eiusdem
1413 3553 1462 3602 or·

118 3625 239 3692 ordinis
260 3623 431 3691 vicariatus
453 3623 557 3690 Bosne
580 3624 758 3692 nominihus
785 3630 818 3692 et
839 3625 872 3690 in
904 3625 1057 3709 personia,
1087 3625 1129 3692 54
1158 3627 1299 3691 nostram
1331 3621 1462 3692 5551555

24 3731 25 3776 ;
117 3710 316 3793 presenciam
338 3711 490 3794 quasdam
513 3709 639 3780 11445555
661 3712 851 3780 sanctissimi
865 3712 897 3777 15
914 3709 1040 3780 (1151545
1054 3711 1153 3795 patris
1169 3715 1201 3777 et
1217 3710 1345 3776 Domini
1360 3711 1461 3777 nostri

24 3797 26 3860 Γ
108 3797 237 3870 Ι4555151
261 3797 408 3882 11555511,
430 3799 536 3866 415155
557 3799 761 3883 providencia
782 3817 863 3883 pape
886 3798 1001 3885 quarti,
1031 3817 1127 3882 super
1154 3796 1270 3882 graciis
1297 3801 1330 3864 et
1362 3797 1458 3878 priri-

117 3883 218 3970 legiis,
243 3884 453 3969 indulgenciis
478 3891 511 3952 et
533 3884 738 3954 facultatibus
767 3889 924 3971 sonantes,
948 3885 1015 3952 eius
1037 3904 1129 3958 55555
1152 3883 1263 3952 Β51155
1285 3883 1460 3968 plumbeas,

24 4051 25 4060 ¹
118 3971 149 4039 in
170 3971 305 4040 cordula
327 3991 436 4056 erocey
458 3973 572 4040 coloris
594 3977 707 4058 caraty
728 3992 816 4040 more
837 3991 966 4041 romane
998 3973 1085 4040 ouria
1119 3971 1266 4052 bullatas,
1300 3990 1395 4040 aaran
1429 3977 1462 4040 54

24 4069 25 4072 ’
113 4059 259 4143 integras
282 4078 346 4126 ron
367 4059 567 4140 cancellatae,
584 4079 646 4128 non
668 4065 843 4144 55555455,
866 4079 924 4128 555
945 4060 977 4126 15
1001 4059 1109 4144 aliqua
1128 4061 1178 4128 sui
1201 4063 1292 4144 parte
1315 4059 1460 4146 51515455,

140 4147 172 4213 ed
193 4147 281 4215 omni
303 4166 432 4230 prorsus
455 4147 536 4214 vicio
559 4152 592 4214 et
613 4147 791 4230 suspicione
821 4151 975 4228 carentes,
1006 4152 1117 4214 tenore
1147 4145 1340 4232 infrascripti
1370 4147 1461 4214 nobis

140 4253 222 4300 orum
245 4235 371 4302 notario
393 4233 518 4317 publico
540 4239 573 4301 et
595 4235 729 4302 testibus
758 4235 967 4319 infrascriptis
998 4235 1122 4303 5555514
1151 4234 1310 4320 exhihere,
1346 4233 1460 4316 quihus

136 4321 280 4388 reductis
301 4322 394 4405 ydem
416 4320 516 4388 frater
538 4322 729 4389 Benedictus
751 4339 868 4389 55555
891 4321 1035 4404 aliorum,
1068 4339 1201 4405 qnorum
1223 4339 1330 4404 supra,
1362 4320 1460 4386 nomi-

24 4423 25 4428 ’
136 4408 209 4476 ibus
231 4409 396 4476 subiunxit
417 4408 636 4494 proponendo:
670 4407 761 4488 Quod
792 4409 858 4493 ipse
880 4415 913 4477 54
942 4407 997 4477 alii
1027 4409 1161 4493 predicti
1183 4408 1300 4475 4554555
1323 4406 1460 4474 auotori-

144 4500 216 4562 rtem
239 4515 336 4580 snper
357 4494 565 4581 infrascriptis
586 4496 742 4564 habentes
763 4495 873 4564 Bollas
903 4513 960 4564 sen
983 4495 1108 4564 11445555
1129 4494 1308 4563 huiusmodi
1332 4499 1458 4579 aposto-

24 4611 25 4614 *
144 4602 194 4654 cas
215 4581 377 4654 15514515
397 4583 612 4670 predictarum
631 4583 818 4670 5554155555,
840 4582 1087 4672 privilegiorum,
1110 4581 1390 4669 indulgentiarum,
1412 4581 1460 4651 la-
