3406 5262
117 949 146 1004 p.
166 933 228 988 335.

1400 290 1456 350 161

118 495 274 564 honorem
297 501 330 564 et
351 497 411 564 sub
438 495 591 564 vocabulo
612 495 724 566 baiae
745 495 868 566 Mariae
890 513 918 563 v.
948 497 1174 565 monasteriam
1203 513 1275 564 cum
1305 493 1458 563 ecclesio‘*

117 602 179 668 pro
201 583 354 652 batdbus
375 585 512 652 vicariae
535 585 658 652 Boenae
679 585 821 652 iandme.

184 670 385 754 spostolicae
407 673 498 740 nobis
516 725 523 740 .
540 719 547 736 .
566 724 573 738 .
594 672 671 740 Dat.
704 671 864 740 Bononiae
893 690 976 738 auno
998 675 1058 739 etc.
1081 695 1294 740 aooooxxxvu.
1318 695 1371 736 m.
1395 667 1460 738 kal.

120 756 319 843 Septembris
341 777 391 826 aa.
414 783 467 828 nr.

185 862 231 918 Ex
248 861 309 917 libr.
327 863 345 917 2
362 861 397 918 de
420 861 535 918 direreis
553 862 651 920 formis
668 879 711 920 aa.
730 863 746 918 7
764 862 812 920 iol
834 862 879 918 84.
909 861 1061 934 Wodde'ap:
1078 861 1178 918 Anna
1196 862 1294 918 minor.
1323 865 1390 916 tom.
1408 859 1462 928 xl,

320 1053 324 1062 ’
416 1071 580 1140 uacuis.
607 1071 700 1158 1437,
733 1071 751 1141 7
774 1071 970 1160 Decembris,
993 1071 1169 1143 Bononio.

184 1195 349 1280 Eugenias
370 1195 433 1262 ΡΡ.
456 1195 511 1264 IV.
535 1197 677 1266 concedit
699 1195 850 1264 iratribus
871 1196 1008 1264 vicariae
1025 1195 1161 1281 menae,
1183 1201 1219 1262 ut
1240 1196 1274 1261 in
1297 1193 1463 1279 Hungaria

116 1287 243 1366 septem
265 1284 419 1368 recipiant
441 1284 520 1366 loca,
536 1303 617 1363 cum,
633 1282 789 1351 referente
804 1283 840 1350 ir.
858 1283 878 1350 J
880 1284 977 1350 acobo
991 1281 1032 1350 de
1047 1282 1197 1360 Marchia,
1212 1283 1339 1362 doario,
1361 1283 1463 1362 „circe

117 1371 278 1438 sexdecim
312 1371 465 1439 ccclesiae
494 1377 528 1438 et
556 1373 668 1438 domus
701 1370 836 1438 bouum
851 1419 859 1435 .
876 1419 909 1436 ..
933 1369 1008 1437 dicti
1039 1370 1158 1437 ordinis
1191 1369 1295 1453 spatio
1329 1371 1463 1437 duorum

117 1476 275 1524 annorum
298 1477 318 1524 a
340 1457 451 1525 Tarcio
473 1459 651 1526 destructae
673 1462 706 1525 et
728 1459 911 1526 combustae
934 1457 1029 1524 eint“.

186 1543 305 1612 Sacrae
332 1545 496 1628 religionis
513 1597 520 1611 .
614 1546 688 1613 Det.
720 1545 881 1613 Bononiae
910 1563 959 1612 aa.
996 1550 1053 1612 etc.
1077 1567 1289 1612 aoceaxxxm.
1313 1567 1367 1610 ra.
1391 1542 1464 1610 idas

117 1630 306 1698 Decembris
329 1651 377 1699 an.
402 1657 455 1700 rm.

182 1752 228 1806 Ex
244 1751 308 1806 libr.
326 1752 344 1806 2
360 1752 396 1808 de
413 1753 561 1824 regularib.
579 1769 623 1809 an.
643 1755 659 1809 7
677 1753 726 1810 fol.
744 1753 787 1808 ss
810 1753 963 1824 Woddinp:
981 1753 1081 1808 muel.
1095 1753 1193 1809 minor.
1207 1756 1274 1807 tom.
1292 1749 1345 1820 xl,
1364 1767 1390 1824 p.
1403 1749 1456 1806 343

3 1871 4 1898 3
121 1821 254 1878 Tbeiacr:
272 1822 392 1878 Monam
409 1823 509 1880 slavor
525 1821 621 1880 merid.
639 1828 707 1880 tom.
725 1823 748 1892 1,
767 1841 795 1896 p.
813 1823 873 1879 375.

426 1999 578 2068 DOCLX.
605 1998 699 2082 1437,
724 1997 742 2068 7
765 1997 963 2083 Decembris,
987 1997 1160 2069 bananiae.

120 2117 287 2204 &penius
310 2121 331 2186 1
336 2119 365 2186 V
384 2124 522 2191 concedit
541 2123 702 2206 fratribus
724 2125 863 2189 vicariae
894 2121 1027 2189 Bosaea.
1049 2120 1271 2206 sacerdotibus,
1294 2125 1330 2186 at
1353 2120 1466 2186 debiles

120 2212 149 2272 et
171 2209 329 2296 infirmos,
352 2231 429 2296 quos
451 2212 485 2276 in
508 2211 661 2294 domibus,
684 2212 759 2277 dam
782 2211 1004 2294 eleemosynam
1024 2217 1143 2294 petam,
1160 2211 1342 2294 innuerint,
1358 2229 1466 2274 sacra-

118 2297 301 2362 mentaliter
334 2299 368 2362 in
402 2299 529 2365 ecelesia
560 2299 607 2364 ael
638 2298 903 2469 ipoggredssrgastgbizst,
934 2298 1084 2364 iniunctis
1117 2297 1329 2382 iniunpeaclis,
1365 2295 1465 2361 aboat-

183 2505 361 2591 Eagenius,
395 2506 559 2590 episcopm
592 2525 705 2574 servus
737 2524 902 2574 serrorum
933 2505 1004 2572 Dei.
1036 2478 1169 2572 Dilectie
1198 2504 1282 2586 filiis,
1313 2503 1465 2574 iratribus

3 2573 4 2576 ¹
119 2592 259 2660 vicariae
289 2593 412 2662 &snae
442 2593 583 2660 ordinem
613 2595 770 2661 minorum
800 2593 1030 2678 profitentibus,
1047 2594 1180 2660 salutem
1205 2599 1237 2662 et
1259 2593 1464 2678 apostolicam

3 2757 4 2762 ,
117 2680 381 2750 benedictionem.
397 2681 463 2748 Piis
474 2679 651 2765 supplicum
666 2682 748 2748 rotis
763 2681 900 2748 libenter
915 2680 1093 2764 conamus,
1108 2679 1228 2764 illaque
1243 2681 1464 2764 prosequimur

117 2765 284 2834 bvofibus
314 2769 486 2850 oportunis.
520 2769 671 2836 Exhibitus
700 2768 855 2850 siquidem
886 2768 977 2836 nobis
1010 2785 1111 2850 nuper
1143 2785 1201 2852 pro
1234 2773 1325 2850 parte
1359 2774 1467 2836 restra

3 2907 4 2910 η
118 2855 233 2935 petitio
255 2855 445 2937 coemebat,
477 2856 562 2938 quod
591 2855 707 2924 iratres
733 2856 869 2924 vicariae
899 2856 1023 2922 Bornos
1053 2854 1130 2922 dicti
1153 2853 1281 2936 ordinis,
1310 2855 1386 2922 dum
1408 2875 1467 2938 pro

118 2940 331 3025 eleemosynis
353 2943 394 3010 ad
416 2943 655 3010 consuendam
678 2961 786 3010 aarum
809 2943 907 3010 vitam
930 2943 1093 3023 accedunt,
1117 2939 1290 3024 aliquando
1312 2961 1466 3026 personas

118 3029 288 3111 utriusque
309 3049 403 3096 sexus
423 3031 587 3113 reperiunt
608 3029 706 3113 senio,
729 3036 785 3098 aut
807 3029 1000 3110 infirmitate,
1024 3036 1080 3096 aut
1102 3027 1174 3096 aliie
1196 3029 1397 3111 passionibus
1419 3029 1466 3097 ita

120 3113 245 3184 debiles
269 3121 302 3182 et
324 3135 500 3200 oppressas,
532 3121 568 3184 ut
590 3136 648 3200 pro
670 3117 845 3186 commissis
873 3117 998 3184 delictis
1020 3117 1061 3188 ad
1083 3117 1315 3184 ordinariorum
1338 3135 1466 3184 suoram

119 3203 335 3286 praesentiam
357 3222 414 3288 pro
436 3205 605 3272 obtinendo
629 3205 754 3273 debitae
777 3203 983 3272 absolutionis
1005 3203 1156 3270 beneficio
1178 3203 1308 3271 irenen
1331 3205 1465 3286 possint,

120 3308 177 3356 nec
200 3309 222 3358 a
244 3291 420 3358 rectoribus
441 3289 673 3375 parochialium
695 3290 899 3360 ecclesiaram
921 3295 952 3358 in
968 3292 1063 3360 certis
1082 3290 1264 3358 criminibus
1281 3295 1314 3357 et
1328 3289 1464 3375 delictis,

121 3395 176 3460 per
200 3396 258 3444 aas
281 3379 464 3462 summissis,
496 3379 636 3446 debitam
662 3378 891 3447 absolutionem
919 3380 1044 3462 assequi
1072 3377 1198 3464 valeut3
1221 3382 1396 3461 propterea,
1424 3397 1465 3444 ne
1574 3377 1576 3382 '

120 3463 294 3532 nonnullae
316 3483 469 3548 personae
491 3465 618 3534 illarum
641 3467 780 3550 partium
801 3465 964 3548 decedant,
992 3466 1117 3533 debitae
1140 3463 1347 3534 absolutionis
1369 3466 1464 3532 bene·
1498 3520 1502 3530 .

121 3548 191 3618 licio
215 3551 347 3618 minime
369 3553 508 3636 obtento,
535 3553 568 3620 ia
598 3555 774 3622 animarum
803 3572 932 3622 suarum
954 3551 1129 3637 periculum
1152 3558 1184 3619 st
1205 3571 1387 3640 meamea,
1410 3571 1468 3636 pro

120 3643 214 3722 perte
236 3645 344 3707 restra
368 3640 457 3706 nobis
480 3639 541 3706 tuit
562 3640 725 3708 humiliter
755 3639 976 3724 supplicatum,
1001 3645 1037 3706 ut
1058 3659 1155 3722 super
1173 3639 1221 3705 his
1236 3641 1276 3706 de
1290 3646 1467 3724 opportuno

121 3726 265 3792 remedio
287 3725 458 3794 salubriter
479 3727 645 3812 providere
667 3729 880 3812 ffignaremur.
896 3728 962 3794 Nos
977 3727 1094 3809 itaque,
1111 3728 1165 3810 qui
1181 3745 1218 3794 en
1234 3726 1342 3794 debito
1356 3733 1464 3810 pasto-

121 3812 201 3880 ralis
223 3813 322 3880 officii
344 3815 434 3881 nobis
455 3815 565 3898 injucti
588 3817 766 3882 animarum
788 3815 885 3882 saluti
908 3821 1040 3898 paterno
1063 3815 1169 3882 studio
1191 3813 1355 3882 consulere
1379 3821 1466 3881 tane·

4 3901 5 3904 ’
121 3917 202 3979 mur,
237 3900 418 3984 hujusmodi
451 3903 733 3986 supplicationibus
765 3901 907 3969 inclinati
942 3901 1095 3970 iratribus
1128 3903 1232 3969 dieue
1265 3901 1402 3969 simmae
1434 3901 1467 3966 in

3 4849 9 4983 1

121 3989 301 4056 sacerdotio
324 3990 476 4058 auncurt
498 3991 687 4070 consttutis,
711 3989 766 4072 qui
789 3989 830 4058 ad
851 3990 911 4056 hoc
926 4009 984 4074 per
1005 3989 1156 4056 doarium
1177 3989 1295 4056 fuerint
1309 4008 1367 4072 pro
1390 3996 1468 4055 tem·

122 4092 199 4158 pore
221 4075 378 4158 deputati,
401 4076 579 4159 huiusmodi
601 4077 753 4144 debilium
775 4096 978 4161 personarum
1002 4079 1043 4144 ad
1064 4077 1276 4161 praesentiam
1292 4076 1466 4144 ordinario

123 4178 194 4226 *um
216 4181 347 4229 suorum
370 4163 519 4231 accedere
541 4183 603 4231 non
626 4165 807 4245 velentium,
831 4165 865 4230 in
887 4165 1027 4231 ecclesiis
1051 4171 1083 4230 et
1105 4164 1204 4232 sacris
1226 4162 1314 4242 locis,
1338 4168 1371 4230 et
1395 4182 1467 4230 cum

147 4265 250 4332 empus
272 4250 458 4333 requireret,
482 4256 514 4316 et
542 4251 695 4318 suadente
717 4252 806 4334 gravi
835 4271 945 4318 earum
967 4249 1151 4318 infirmitate
1173 4257 1206 4317 et
1228 4250 1261 4316 iu
1284 4251 1466 4318 huiusmodi

143 4353 330 4404 ,arsenarum
353 4337 497 4404 domibus
519 4337 729 4405 confessiones
751 4339 910 4422 audiendi,
934 4343 967 4406 et
991 4337 1237 4406 confessionibus
1252 4338 1331 4420 ipsis
1348 4337 1467 4404 auditis

139 4441 180 4488 uo
202 4424 379 4492 commissis
401 4423 537 4491 debitam
552 4425 782 4494 absolutionem
798 4427 920 4507 quoties
935 4431 1125 4508 oportunum
1141 4424 1236 4492 fuerit
1252 4424 1465 4510 impendendi,

147 4509 274 4592 njunctis
295 4513 439 4596 personis
462 4509 582 4579 eisdem
614 4532 671 4597 pro
693 4514 785 4580 modo
808 4513 919 4595 culpae
942 4515 1134 4598 poenitentia
1156 4511 1299 4593 salutari,
1323 4518 1356 4578 et
1379 4511 1462 4590 aliis,

147 4615 207 4663 nae
240 4598 281 4666 de
313 4599 384 4666 iure
413 4597 531 4665 fuerint
561 4601 762 4684 injungenda,
794 4599 921 4684 plenam
952 4601 1040 4667 vobis
1074 4603 1261 4667 auctoritate
1291 4597 1465 4682 apostolica

147 4701 234 4752 onore
255 4687 471 4770 praesentiam
500 4689 698 4756 concedimus
731 4687 922 4758 facultatem.
946 4686 1035 4755 Nulli
1058 4706 1133 4771 ergo
1156 4687 1282 4756 ommno
1303 4687 1466 4754 hominum

211 4815 297 4859 saona
320 4815 407 4860 mn.
1323 4795 1358 4856 ll
