<?xml version="1.0" encoding="UTF-8"?>
<!DOCTYPE html PUBLIC "-//W3C//DTD XHTML 1.0 Transitional//EN"
    "http://www.w3.org/TR/xhtml1/DTD/xhtml1-transitional.dtd">
<html xmlns="http://www.w3.org/1999/xhtml" xml:lang="en" lang="en">
 <head>
  <title>
</title>
<meta http-equiv="Content-Type" content="text/html;charset=utf-8" />
  <meta name='ocr-system' content='tesseract 3.04.00' />
  <meta name='ocr-capabilities' content='ocr_page ocr_carea ocr_par ocr_line ocrx_word'/>
</head>
<body>
  <div class='ocr_page' id='page_1' title='image "./actabosnaepotis00fermgoog_0144.png"; bbox 0 0 3406 5262; ppageno 0'>
   <div class='ocr_carea' id='block_1_1' title="bbox 26 8 1696 326">
    <p class='ocr_par' dir='ltr' id='par_1_1' title="bbox 14 8 1696 400">
     <span class='ocr_line' id='line_1_1' title="bbox 26 8 1696 326; baseline 0.001 34.014"><span class='ocrx_word' id='word_1_1' title='bbox 26 302 29 321; x_wconf 66' lang='grc'><strong>,</strong></span> <span class='ocrx_word' id='word_1_2' title='bbox 1536 8 1696 326; x_wconf 54' lang='lat' dir='ltr'>i</span> 
     </span>
    </p>
   </div>
   <div class='ocr_carea' id='block_1_2' title="bbox 227 459 1696 588">
    <p class='ocr_par' dir='ltr' id='par_1_2' title="bbox 227 459 1696 588">
     <span class='ocr_line' id='line_1_2' title="bbox 227 459 1696 588; baseline -0.005 -15"><span class='ocrx_word' id='word_1_3' title='bbox 227 505 323 573; x_wconf 88' lang='lat' dir='ltr'>stiam</span> <span class='ocrx_word' id='word_1_4' title='bbox 345 503 379 570; x_wconf 93' lang='lat' dir='ltr'>in</span> <span class='ocrx_word' id='word_1_5' title='bbox 400 501 486 571; x_wconf 89' lang='lat' dir='ltr'>hunc</span> <span class='ocrx_word' id='word_1_6' title='bbox 514 501 610 571; x_wconf 88' lang='lat' dir='ltr'>linem</span> <span class='ocrx_word' id='word_1_7' title='bbox 637 501 768 571; x_wconf 79' lang='lat' dir='ltr'><strong>nuncios</strong></span> <span class='ocrx_word' id='word_1_8' title='bbox 803 501 945 586; x_wconf 85' lang='lat' dir='ltr'>,disputo</span> <span class='ocrx_word' id='word_1_9' title='bbox 976 501 1125 586; x_wconf 82' lang='lat' dir='ltr'>Georgio,</span> <span class='ocrx_word' id='word_1_10' title='bbox 1156 501 1225 582; x_wconf 85' lang='lat' dir='ltr'>regi</span> <span class='ocrx_word' id='word_1_11' title='bbox 1258 503 1364 570; x_wconf 89' lang='lat' dir='ltr'>Bosnc</span> <span class='ocrx_word' id='word_1_12' title='bbox 1388 507 1422 570; x_wconf 86' lang='lat' dir='ltr'>et</span> <span class='ocrx_word' id='word_1_13' title='bbox 1443 503 1582 588; x_wconf 87' lang='lat' dir='ltr'>vojrodc</span> <span class='ocrx_word' id='word_1_14' title='bbox 1694 459 1696 522; x_wconf 21' lang='grc' dir='ltr'>ᾗ</span> 
     </span>
    </p>
   </div>
   <div class='ocr_carea' id='block_1_3' title="bbox 227 589 1224 748">
    <p class='ocr_par' dir='ltr' id='par_1_3' title="bbox 227 589 1224 748">
     <span class='ocr_line' id='line_1_3' title="bbox 227 589 1224 676; baseline -0.005 -14"><span class='ocrx_word' id='word_1_15' title='bbox 227 589 376 674; x_wconf 75' lang='lat' dir='ltr'>Smdagl,</span> <span class='ocrx_word' id='word_1_16' title='bbox 399 592 456 676; x_wconf 88' lang='lat' dir='ltr'>qui</span> <span class='ocrx_word' id='word_1_17' title='bbox 477 609 541 658; x_wconf 94' lang='lat' dir='ltr'>uon</span> <span class='ocrx_word' id='word_1_18' title='bbox 562 589 698 657; x_wconf 89' lang='lat' dir='ltr'>multum</span> <span class='ocrx_word' id='word_1_19' title='bbox 720 589 896 658; x_wconf 86' lang='lat' dir='ltr'>amicantur</span> <span class='ocrx_word' id='word_1_20' title='bbox 918 590 1003 660; x_wconf 87' lang='lat' dir='ltr'>dicto</span> <span class='ocrx_word' id='word_1_21' title='bbox 1026 591 1224 660; x_wconf 55' lang='lat' dir='ltr'>Redeunt</span> 
     </span>
     <span class='ocr_line' id='line_1_4' title="bbox 293 675 849 748; baseline -0.005 -14"><span class='ocrx_word' id='word_1_22' title='bbox 293 675 416 734; x_wconf 76' lang='lat' dir='ltr'>Celticis:</span> <span class='ocrx_word' id='word_1_23' title='bbox 434 675 669 748; x_wconf 83' lang='lat' dir='ltr'>Diplomstarium</span> <span class='ocrx_word' id='word_1_24' title='bbox 690 693 718 748; x_wconf 89' lang='lat' dir='ltr'>p.</span> <span class='ocrx_word' id='word_1_25' title='bbox 737 676 849 732; x_wconf 85' lang='grc'><strong>336-8.</strong></span> 
     </span>
    </p>
   </div>
   <div class='ocr_carea' id='block_1_4' title="bbox 522 813 1282 904">
    <p class='ocr_par' dir='ltr' id='par_1_4' title="bbox 522 813 1282 904">
     <span class='ocr_line' id='line_1_5' title="bbox 522 813 1282 904; baseline 0.003 -21"><span class='ocrx_word' id='word_1_26' title='bbox 522 815 763 884; x_wconf 76' lang='grc'><strong>0011111011.</strong></span> <span class='ocrx_word' id='word_1_27' title='bbox 791 813 883 900; x_wconf 95' lang='grc'><strong>1430,</strong></span> <span class='ocrx_word' id='word_1_28' title='bbox 907 815 949 885; x_wconf 93' lang='grc'><strong>30</strong></span> <span class='ocrx_word' id='word_1_29' title='bbox 972 813 1107 904; x_wconf 75' lang='lat' dir='ltr'><strong>Aprilis,</strong></span> <span class='ocrx_word' id='word_1_30' title='bbox 1131 815 1282 903; x_wconf 80' lang='lat' dir='ltr'>Rugusll.</span> 
     </span>
    </p>
   </div>
   <div class='ocr_carea' id='block_1_5' title="bbox 227 938 1696 1458">
    <p class='ocr_par' dir='ltr' id='par_1_5' title="bbox 227 938 1696 1458">
     <span class='ocr_line' id='line_1_6' title="bbox 293 938 1696 1028; baseline -0.001 -21"><span class='ocrx_word' id='word_1_31' title='bbox 293 939 467 1008; x_wconf 80' lang='lat' dir='ltr'><strong>Commune</strong></span> <span class='ocrx_word' id='word_1_32' title='bbox 496 939 681 1022; x_wconf 85' lang='lat' dir='ltr'>ragusinum</span> <span class='ocrx_word' id='word_1_33' title='bbox 711 939 780 1022; x_wconf 88' lang='lat' dir='ltr'>rogi</span> <span class='ocrx_word' id='word_1_34' title='bbox 810 938 1013 1021; x_wconf 81' lang='lat' dir='ltr'>sigismundo</span> <span class='ocrx_word' id='word_1_35' title='bbox 1048 945 1156 1005; x_wconf 90' lang='lat' dir='ltr'>uotum</span> <span class='ocrx_word' id='word_1_36' title='bbox 1179 939 1266 1020; x_wconf 84' lang='lat' dir='ltr'>lacit,</span> <span class='ocrx_word' id='word_1_37' title='bbox 1287 939 1369 1022; x_wconf 84' lang='lat' dir='ltr'>quod</span> <span class='ocrx_word' id='word_1_38' title='bbox 1392 938 1583 1008; x_wconf 82' lang='lat' dir='ltr'>deossrus</span> <span class='ocrx_word' id='word_1_39' title='bbox 1695 1025 1696 1028; x_wconf 4' lang='grc' dir='ltr'><strong>Ἴ</strong></span> 
     </span>
     <span class='ocr_line' id='line_1_7' title="bbox 229 1025 1696 1112; baseline -0.003 -16"><span class='ocrx_word' id='word_1_40' title='bbox 229 1029 364 1112; x_wconf 81' lang='lat' dir='ltr'>sojvods</span> <span class='ocrx_word' id='word_1_41' title='bbox 385 1031 497 1110; x_wconf 89' lang='lat' dir='ltr'>gentes</span> <span class='ocrx_word' id='word_1_42' title='bbox 520 1027 760 1110; x_wconf 78' lang='lat' dir='ltr'><strong>congregaverit</strong></span> <span class='ocrx_word' id='word_1_43' title='bbox 786 1025 837 1104; x_wconf 89' lang='lat' dir='ltr'>,in</span> <span class='ocrx_word' id='word_1_44' title='bbox 853 1025 1013 1108; x_wconf 87' lang='lat' dir='ltr'>Trebigna</span> <span class='ocrx_word' id='word_1_45' title='bbox 1035 1031 1069 1091; x_wconf 90' lang='lat' dir='ltr'>et</span> <span class='ocrx_word' id='word_1_46' title='bbox 1091 1025 1201 1108; x_wconf 77' lang='lat' dir='ltr'>alibi‘,</span> <span class='ocrx_word' id='word_1_47' title='bbox 1224 1031 1261 1092; x_wconf 93' lang='lat' dir='ltr'>nt</span> <span class='ocrx_word' id='word_1_48' title='bbox 1282 1027 1385 1093; x_wconf 89' lang='lat' dir='ltr'>irruat</span> <span class='ocrx_word' id='word_1_49' title='bbox 1407 1027 1440 1092; x_wconf 94' lang='lat' dir='ltr'>in</span> <span class='ocrx_word' id='word_1_50' title='bbox 1457 1025 1582 1092; x_wconf 86' lang='lat' dir='ltr'>Canale</span> <span class='ocrx_word' id='word_1_51' title='bbox 1695 1069 1696 1078; x_wconf 68' lang='lat'>.</span> 
     </span>
     <span class='ocr_line' id='line_1_8' title="bbox 229 1111 1696 1200; baseline -0.004 -18"><span class='ocrx_word' id='word_1_52' title='bbox 229 1113 428 1200; x_wconf 81' lang='lat' dir='ltr'>(Konsvljc);</span> <span class='ocrx_word' id='word_1_53' title='bbox 460 1117 494 1180; x_wconf 92' lang='lat' dir='ltr'>et</span> <span class='ocrx_word' id='word_1_54' title='bbox 524 1115 608 1196; x_wconf 85' lang='lat' dir='ltr'>quod</span> <span class='ocrx_word' id='word_1_55' title='bbox 642 1111 802 1190; x_wconf 85' lang='lat' dir='ltr'>„nonnulli</span> <span class='ocrx_word' id='word_1_56' title='bbox 825 1132 862 1178; x_wconf 85' lang='lat' dir='ltr'>ex</span> <span class='ocrx_word' id='word_1_57' title='bbox 884 1111 952 1179; x_wconf 87' lang='lat' dir='ltr'>suis</span> <span class='ocrx_word' id='word_1_58' title='bbox 974 1113 1139 1194; x_wconf 61' lang='lat' dir='ltr'>gentinus</span> <span class='ocrx_word' id='word_1_59' title='bbox 1166 1114 1282 1181; x_wconf 78' lang='grc'><strong>(11326</strong></span> <span class='ocrx_word' id='word_1_60' title='bbox 1306 1113 1335 1180; x_wconf 82' lang='grc'>0.</span> <span class='ocrx_word' id='word_1_61' title='bbox 1359 1131 1401 1184; x_wconf 89' lang='lat' dir='ltr'>m.</span> <span class='ocrx_word' id='word_1_62' title='bbox 1424 1113 1583 1180; x_wconf 88' lang='lat' dir='ltr'>irruerint</span> <span class='ocrx_word' id='word_1_63' title='bbox 1695 1149 1696 1152; x_wconf 60' lang='lat'><em>=</em></span> 
     </span>
     <span class='ocr_line' id='line_1_9' title="bbox 231 1198 1583 1285; baseline -0.003 -17"><span class='ocrx_word' id='word_1_64' title='bbox 231 1203 291 1280; x_wconf 86' lang='lat' dir='ltr'>„ad</span> <span class='ocrx_word' id='word_1_65' title='bbox 313 1201 419 1270; x_wconf 90' lang='lat' dir='ltr'>locum</span> <span class='ocrx_word' id='word_1_66' title='bbox 442 1220 548 1285; x_wconf 82' lang='lat' dir='ltr'>uagus.</span> <span class='ocrx_word' id='word_1_67' title='bbox 573 1198 684 1267; x_wconf 86' lang='lat' dir='ltr'>Glints</span> <span class='ocrx_word' id='word_1_68' title='bbox 707 1199 843 1266; x_wconf 87' lang='lat' dir='ltr'>dictum“</span> <span class='ocrx_word' id='word_1_69' title='bbox 870 1198 903 1263; x_wconf 95' lang='lat' dir='ltr'>iu</span> <span class='ocrx_word' id='word_1_70' title='bbox 930 1203 1067 1276; x_wconf 85' lang='lat' dir='ltr'>,certam</span> <span class='ocrx_word' id='word_1_71' title='bbox 1090 1200 1301 1282; x_wconf 74' lang='lat' dir='ltr'>quantitatem</span> <span class='ocrx_word' id='word_1_72' title='bbox 1324 1199 1466 1282; x_wconf 88' lang='lat' dir='ltr'>gentium</span> <span class='ocrx_word' id='word_1_73' title='bbox 1485 1218 1583 1283; x_wconf 88' lang='lat' dir='ltr'>ragu-</span> 
     </span>
     <span class='ocr_line' id='line_1_10' title="bbox 228 1285 1696 1370; baseline -0.002 -14"><span class='ocrx_word' id='word_1_74' title='bbox 228 1289 379 1365; x_wconf 88' lang='lat' dir='ltr'>sinsrum,</span> <span class='ocrx_word' id='word_1_75' title='bbox 403 1306 486 1369; x_wconf 86' lang='lat' dir='ltr'>quse</span> <span class='ocrx_word' id='word_1_76' title='bbox 508 1286 600 1354; x_wconf 85' lang='lat' dir='ltr'>seed</span> <span class='ocrx_word' id='word_1_77' title='bbox 617 1285 736 1353; x_wconf 89' lang='lat' dir='ltr'>Canale</span> <span class='ocrx_word' id='word_1_78' title='bbox 759 1285 957 1367; x_wconf 86' lang='lat' dir='ltr'>conferebat;</span> <span class='ocrx_word' id='word_1_79' title='bbox 975 1290 1071 1368; x_wconf 89' lang='lat' dir='ltr'>atque</span> <span class='ocrx_word' id='word_1_80' title='bbox 1086 1287 1240 1353; x_wconf 87' lang='lat' dir='ltr'>Josunem</span> <span class='ocrx_word' id='word_1_81' title='bbox 1264 1287 1444 1370; x_wconf 88' lang='lat' dir='ltr'>Lampreda</span> <span class='ocrx_word' id='word_1_82' title='bbox 1466 1286 1583 1354; x_wconf 83' lang='lat' dir='ltr'>Zriers</span> <span class='ocrx_word' id='word_1_83' title='bbox 1695 1335 1696 1338; x_wconf 63' lang='lat'>,</span> 
     </span>
     <span class='ocr_line' id='line_1_11' title="bbox 227 1371 1582 1458; baseline -0.003 -14"><span class='ocrx_word' id='word_1_84' title='bbox 227 1393 299 1444; x_wconf 87' lang='lat' dir='ltr'>cunr</span> <span class='ocrx_word' id='word_1_85' title='bbox 321 1375 416 1442; x_wconf 71' lang='lat' dir='ltr'>cerus</span> <span class='ocrx_word' id='word_1_86' title='bbox 439 1373 512 1440; x_wconf 88' lang='lat' dir='ltr'>aliis</span> <span class='ocrx_word' id='word_1_87' title='bbox 535 1371 761 1452; x_wconf 78' lang='lat' dir='ltr'>interfecerint,</span> <span class='ocrx_word' id='word_1_88' title='bbox 785 1377 818 1439; x_wconf 87' lang='lat' dir='ltr'>st</span> <span class='ocrx_word' id='word_1_89' title='bbox 842 1378 951 1454; x_wconf 90' lang='lat' dir='ltr'>postea</span> <span class='ocrx_word' id='word_1_90' title='bbox 973 1391 1078 1456; x_wconf 89' lang='lat' dir='ltr'>ragns.</span> <span class='ocrx_word' id='word_1_91' title='bbox 1099 1378 1295 1456; x_wconf 81' lang='lat' dir='ltr'>,contratam</span> <span class='ocrx_word' id='word_1_92' title='bbox 1310 1373 1426 1439; x_wconf 85' lang='lat' dir='ltr'>Breni“</span> <span class='ocrx_word' id='word_1_93' title='bbox 1445 1373 1582 1458; x_wconf 85' lang='lat' dir='ltr'>deprac-</span> 
     </span>
    </p>
   </div>
   <div class='ocr_carea' id='block_1_6' title="bbox 226 1457 1696 1898">
    <p class='ocr_par' dir='ltr' id='par_1_6' title="bbox 226 1457 1029 1542">
     <span class='ocr_line' id='line_1_12' title="bbox 226 1457 1029 1542; baseline -0.007 -12"><span class='ocrx_word' id='word_1_94' title='bbox 226 1462 384 1530; x_wconf 85' lang='lat' dir='ltr'>darerint.</span> <span class='ocrx_word' id='word_1_95' title='bbox 409 1459 555 1527; x_wconf 83' lang='lat' dir='ltr'>Renoust</span> <span class='ocrx_word' id='word_1_96' title='bbox 577 1459 764 1540; x_wconf 90' lang='lat' dir='ltr'>petitionem</span> <span class='ocrx_word' id='word_1_97' title='bbox 787 1459 838 1526; x_wconf 88' lang='lat' dir='ltr'>dic</span> <span class='ocrx_word' id='word_1_98' title='bbox 861 1464 889 1526; x_wconf 80' lang='grc'><strong>3,</strong></span> <span class='ocrx_word' id='word_1_99' title='bbox 903 1457 1029 1542; x_wconf 83' lang='lat' dir='ltr'>Aprilis.</span> 
     </span>
    </p>

    <p class='ocr_par' dir='ltr' id='par_1_7' title="bbox 228 1543 1696 1898">
     <span class='ocr_line' id='line_1_13' title="bbox 293 1543 1582 1616; baseline -0.003 -14"><span class='ocrx_word' id='word_1_100' title='bbox 293 1545 416 1602; x_wconf 69' lang='lat' dir='ltr'>ornet:</span> <span class='ocrx_word' id='word_1_101' title='bbox 436 1544 670 1616; x_wconf 86' lang='lat' dir='ltr'>Diplomstsrium</span> <span class='ocrx_word' id='word_1_102' title='bbox 709 1586 715 1599; x_wconf 92' lang='lat'>.</span> <span class='ocrx_word' id='word_1_103' title='bbox 735 1543 882 1600; x_wconf 79' lang='lat'>338-341.</span> <span class='ocrx_word' id='word_1_104' title='bbox 910 1543 1045 1599; x_wconf 86' lang='lat' dir='ltr'>Eiusdem</span> <span class='ocrx_word' id='word_1_105' title='bbox 1063 1543 1134 1599; x_wconf 86' lang='lat' dir='ltr'>ferre</span> <span class='ocrx_word' id='word_1_106' title='bbox 1151 1545 1255 1600; x_wconf 87' lang='lat' dir='ltr'>tenoris</span> <span class='ocrx_word' id='word_1_107' title='bbox 1274 1551 1317 1599; x_wconf 83' lang='lat' dir='ltr'>est</span> <span class='ocrx_word' id='word_1_108' title='bbox 1336 1543 1453 1616; x_wconf 87' lang='lat' dir='ltr'>epistole</span> <span class='ocrx_word' id='word_1_109' title='bbox 1471 1543 1528 1599; x_wconf 86' lang='lat' dir='ltr'>diei</span> <span class='ocrx_word' id='word_1_110' title='bbox 1546 1545 1582 1598; x_wconf 84' lang='lat'>11</span> 
     </span>
     <span class='ocr_line' id='line_1_14' title="bbox 229 1561 1581 1686; baseline -0.003 -14"><span class='ocrx_word' id='word_1_111' title='bbox 229 1615 300 1672; x_wconf 78' lang='lat' dir='ltr'>Maii</span> <span class='ocrx_word' id='word_1_112' title='bbox 317 1632 342 1672; x_wconf 89' lang='lat' dir='ltr'>e.</span> <span class='ocrx_word' id='word_1_113' title='bbox 360 1632 385 1670; x_wconf 90' lang='grc'><strong>3.</strong></span> <span class='ocrx_word' id='word_1_114' title='bbox 403 1614 476 1672; x_wconf 88' lang='lat' dir='ltr'>Ibid.</span> <span class='ocrx_word' id='word_1_115' title='bbox 505 1633 532 1686; x_wconf 88' lang='lat' dir='ltr'>p.</span> <span class='ocrx_word' id='word_1_116' title='bbox 559 1614 671 1669; x_wconf 76' lang='grc'><strong>341-1.</strong></span> <span class='ocrx_word' id='word_1_117' title='bbox 688 1561 767 1668; x_wconf 52' lang='lat' dir='ltr'>litem</span> <span class='ocrx_word' id='word_1_118' title='bbox 785 1613 943 1669; x_wconf 77' lang='lat' dir='ltr'>commissio</span> <span class='ocrx_word' id='word_1_119' title='bbox 970 1613 1037 1668; x_wconf 82' lang='lat' dir='ltr'>dats</span> <span class='ocrx_word' id='word_1_120' title='bbox 1056 1615 1089 1670; x_wconf 87' lang='lat'>18</span> <span class='ocrx_word' id='word_1_121' title='bbox 1112 1613 1189 1668; x_wconf 90' lang='lat' dir='ltr'>Junii</span> <span class='ocrx_word' id='word_1_122' title='bbox 1217 1631 1240 1668; x_wconf 87' lang='lat' dir='ltr'>e.</span> <span class='ocrx_word' id='word_1_123' title='bbox 1260 1631 1286 1668; x_wconf 89' lang='lat' dir='ltr'>s.</span> <span class='ocrx_word' id='word_1_124' title='bbox 1305 1615 1394 1670; x_wconf 87' lang='lat' dir='ltr'>Paulo</span> <span class='ocrx_word' id='word_1_125' title='bbox 1422 1613 1458 1668; x_wconf 91' lang='lat' dir='ltr'>dc</span> <span class='ocrx_word' id='word_1_126' title='bbox 1476 1613 1581 1678; x_wconf 77' lang='lat' dir='ltr'>(lonae,</span> 
     </span>
     <span class='ocr_line' id='line_1_15' title="bbox 229 1681 1583 1756; baseline -0.003 -14"><span class='ocrx_word' id='word_1_127' title='bbox 229 1685 433 1756; x_wconf 85' lang='lat' dir='ltr'>Christophoro</span> <span class='ocrx_word' id='word_1_128' title='bbox 459 1683 495 1740; x_wconf 84' lang='lat' dir='ltr'>de</span> <span class='ocrx_word' id='word_1_129' title='bbox 523 1685 606 1752; x_wconf 86' lang='lat' dir='ltr'>Pozs,</span> <span class='ocrx_word' id='word_1_130' title='bbox 631 1683 773 1738; x_wconf 76' lang='lat' dir='ltr'>Demetrio</span> <span class='ocrx_word' id='word_1_131' title='bbox 800 1681 836 1737; x_wconf 89' lang='lat' dir='ltr'>de</span> <span class='ocrx_word' id='word_1_132' title='bbox 859 1683 995 1752; x_wconf 82' lang='lat' dir='ltr'>Regulus,</span> <span class='ocrx_word' id='word_1_133' title='bbox 1012 1683 1127 1752; x_wconf 10' lang='lat' dir='ltr'>*Josuni</span> <span class='ocrx_word' id='word_1_134' title='bbox 1154 1683 1190 1738; x_wconf 89' lang='lat' dir='ltr'>de</span> <span class='ocrx_word' id='word_1_135' title='bbox 1217 1683 1295 1738; x_wconf 85' lang='lat' dir='ltr'>Rusti</span> <span class='ocrx_word' id='word_1_136' title='bbox 1325 1689 1354 1738; x_wconf 87' lang='lat' dir='ltr'>et</span> <span class='ocrx_word' id='word_1_137' title='bbox 1376 1683 1527 1738; x_wconf 61' lang='lat' dir='ltr'>Iueonsrdo</span> <span class='ocrx_word' id='word_1_138' title='bbox 1545 1682 1583 1738; x_wconf 85' lang='lat' dir='ltr'>de</span> 
     </span>
     <span class='ocr_line' id='line_1_16' title="bbox 231 1737 1582 1824; baseline -0.003 -13"><span class='ocrx_word' id='word_1_139' title='bbox 231 1755 320 1822; x_wconf 85' lang='lat' dir='ltr'>Zorui,</span> <span class='ocrx_word' id='word_1_140' title='bbox 339 1753 446 1809; x_wconf 84' lang='lat' dir='ltr'>civibus</span> <span class='ocrx_word' id='word_1_141' title='bbox 464 1753 616 1822; x_wconf 86' lang='lat' dir='ltr'>Ragnsinis</span> <span class='ocrx_word' id='word_1_142' title='bbox 634 1753 662 1808; x_wconf 90' lang='lat' dir='ltr'>in</span> <span class='ocrx_word' id='word_1_143' title='bbox 682 1751 843 1818; x_wconf 85' lang='lat' dir='ltr'>Novobrdo,</span> <span class='ocrx_word' id='word_1_144' title='bbox 862 1769 913 1808; x_wconf 88' lang='lat' dir='ltr'>uec</span> <span class='ocrx_word' id='word_1_145' title='bbox 931 1769 987 1806; x_wconf 93' lang='lat' dir='ltr'>uon</span> <span class='ocrx_word' id='word_1_146' title='bbox 1007 1737 1094 1808; x_wconf 68' lang='lat' dir='ltr'>Zirlro</span> <span class='ocrx_word' id='word_1_147' title='bbox 1114 1751 1275 1824; x_wconf 76' lang='lat' dir='ltr'>Gjurkovic,</span> <span class='ocrx_word' id='word_1_148' title='bbox 1293 1754 1396 1808; x_wconf 89' lang='lat' dir='ltr'>nuncio</span> <span class='ocrx_word' id='word_1_149' title='bbox 1410 1753 1533 1810; x_wconf 69' lang='lat' dir='ltr'>exmim</span> <span class='ocrx_word' id='word_1_150' title='bbox 1545 1751 1582 1807; x_wconf 83' lang='lat' dir='ltr'>ad</span> 
     </span>
     <span class='ocr_line' id='line_1_17' title="bbox 228 1820 1696 1898; baseline -0.003 -18"><span class='ocrx_word' id='word_1_151' title='bbox 228 1825 384 1880; x_wconf 83' lang='lat' dir='ltr'>Turcorum</span> <span class='ocrx_word' id='word_1_152' title='bbox 401 1825 605 1898; x_wconf 86' lang='lat' dir='ltr'>imperatorem,</span> <span class='ocrx_word' id='word_1_153' title='bbox 632 1822 667 1877; x_wconf 88' lang='lat' dir='ltr'>ad</span> <span class='ocrx_word' id='word_1_154' title='bbox 691 1820 896 1893; x_wconf 85' lang='lat' dir='ltr'>implorandum</span> <span class='ocrx_word' id='word_1_155' title='bbox 922 1823 1013 1892; x_wconf 90' lang='lat' dir='ltr'>ipsius</span> <span class='ocrx_word' id='word_1_156' title='bbox 1032 1822 1165 1877; x_wconf 87' lang='lat' dir='ltr'>auxilium</span> <span class='ocrx_word' id='word_1_157' title='bbox 1184 1828 1279 1878; x_wconf 85' lang='lat' dir='ltr'>contra</span> <span class='ocrx_word' id='word_1_158' title='bbox 1298 1822 1488 1878; x_wconf 84' lang='lat' dir='ltr'>Radossvum.</span> <span class='ocrx_word' id='word_1_159' title='bbox 1507 1821 1583 1876; x_wconf 90' lang='lat' dir='ltr'>Ibid.</span> <span class='ocrx_word' id='word_1_160' title='bbox 1695 1823 1696 1848; x_wconf 78' lang='lat'><em>³</em></span> 
     </span>
    </p>
   </div>
   <div class='ocr_carea' id='block_1_7' title="bbox 228 1895 1266 2082">
    <p class='ocr_par' dir='ltr' id='par_1_8' title="bbox 228 1895 1266 2082">
     <span class='ocr_line' id='line_1_18' title="bbox 228 1895 1266 2082; baseline 0.003 -19"><span class='ocrx_word' id='word_1_161' title='bbox 228 1910 257 1966; x_wconf 46' lang='grc' dir='ltr'>μ’</span> <span class='ocrx_word' id='word_1_162' title='bbox 275 1895 328 1950; x_wconf 72' lang='lat' dir='ltr'>en</span> <span class='ocrx_word' id='word_1_163' title='bbox 364 1895 389 1949; x_wconf 53' lang='grc' dir='ltr'>θ’</span> <span class='ocrx_word' id='word_1_164' title='bbox 549 1995 808 2064; x_wconf 78' lang='lat' dir='ltr'>nonmurnr.</span> <span class='ocrx_word' id='word_1_165' title='bbox 836 1993 931 2082; x_wconf 76' lang='lat' dir='ltr'>ruso,</span> <span class='ocrx_word' id='word_1_166' title='bbox 957 1995 996 2065; x_wconf 87' lang='lat' dir='ltr'>ro</span> <span class='ocrx_word' id='word_1_167' title='bbox 1020 1995 1106 2078; x_wconf 77' lang='lat' dir='ltr'>narr,</span> <span class='ocrx_word' id='word_1_168' title='bbox 1132 1997 1266 2068; x_wconf 78' lang='lat' dir='ltr'>nouae.</span> 
     </span>
    </p>
   </div>
   <div class='ocr_carea' id='block_1_8' title="bbox 229 2117 1580 2274">
    <p class='ocr_par' dir='ltr' id='par_1_9' title="bbox 229 2117 1580 2274">
     <span class='ocr_line' id='line_1_19' title="bbox 229 2117 1580 2202; baseline 0 -18"><span class='ocrx_word' id='word_1_169' title='bbox 229 2119 289 2187; x_wconf 78' lang='lat' dir='ltr'>Fr.</span> <span class='ocrx_word' id='word_1_170' title='bbox 317 2119 496 2186; x_wconf 74' lang='lat' dir='ltr'>Guilelmus</span> <span class='ocrx_word' id='word_1_171' title='bbox 518 2119 556 2184; x_wconf 83' lang='lat' dir='ltr'>dc</span> <span class='ocrx_word' id='word_1_172' title='bbox 589 2117 698 2185; x_wconf 85' lang='lat' dir='ltr'>Cesuic&#39;</span> <span class='ocrx_word' id='word_1_173' title='bbox 729 2119 872 2184; x_wconf 78' lang='lat' dir='ltr'>minister</span> <span class='ocrx_word' id='word_1_174' title='bbox 897 2119 1056 2200; x_wconf 63' lang='lat' dir='ltr'>parociis</span> <span class='ocrx_word' id='word_1_175' title='bbox 1087 2120 1154 2185; x_wconf 77' lang='lat' dir='ltr'>orci.</span> <span class='ocrx_word' id='word_1_176' title='bbox 1178 2142 1204 2185; x_wconf 86' lang='lat' dir='ltr'>s.</span> <span class='ocrx_word' id='word_1_177' title='bbox 1229 2117 1401 2202; x_wconf 81' lang='lat' dir='ltr'>Franciscr&#39;,</span> <span class='ocrx_word' id='word_1_178' title='bbox 1425 2118 1580 2200; x_wconf 78' lang='lat' dir='ltr'>quosdam</span> 
     </span>
     <span class='ocr_line' id='line_1_20' title="bbox 539 2203 1273 2274; baseline 0.003 -2"><span class='ocrx_word' id='word_1_179' title='bbox 539 2210 705 2274; x_wconf 81' lang='lat' dir='ltr'>conuentus</span> <span class='ocrx_word' id='word_1_180' title='bbox 727 2203 865 2270; x_wconf 80' lang='lat' dir='ltr'>vicariae</span> <span class='ocrx_word' id='word_1_181' title='bbox 888 2203 1011 2272; x_wconf 84' lang='lat' dir='ltr'>Boanoc</span> <span class='ocrx_word' id='word_1_182' title='bbox 1033 2207 1161 2272; x_wconf 81' lang='lat' dir='ltr'>visitari</span> <span class='ocrx_word' id='word_1_183' title='bbox 1183 2205 1273 2274; x_wconf 84' lang='lat' dir='ltr'>iubet.</span> 
     </span>
    </p>
   </div>
   <div class='ocr_carea' id='block_1_9' title="bbox 232 2323 1583 2504">
    <p class='ocr_par' dir='ltr' id='par_1_10' title="bbox 232 2323 1583 2504">
     <span class='ocr_line' id='line_1_21' title="bbox 300 2323 1583 2412; baseline 0 -18"><span class='ocrx_word' id='word_1_184' title='bbox 300 2327 338 2394; x_wconf 92' lang='lat' dir='ltr'>ln</span> <span class='ocrx_word' id='word_1_185' title='bbox 360 2325 487 2396; x_wconf 87' lang='lat' dir='ltr'>Christo</span> <span class='ocrx_word' id='word_1_186' title='bbox 509 2326 568 2394; x_wconf 93' lang='lat' dir='ltr'>tibi</span> <span class='ocrx_word' id='word_1_187' title='bbox 591 2327 776 2395; x_wconf 88' lang='lat' dir='ltr'>charissimo</span> <span class='ocrx_word' id='word_1_188' title='bbox 799 2325 891 2394; x_wconf 85' lang='lat' dir='ltr'>fratri</span> <span class='ocrx_word' id='word_1_189' title='bbox 914 2327 1030 2394; x_wconf 84' lang='lat' dir='ltr'>ioanni</span> <span class='ocrx_word' id='word_1_190' title='bbox 1056 2328 1096 2396; x_wconf 85' lang='lat' dir='ltr'>de</span> <span class='ocrx_word' id='word_1_191' title='bbox 1119 2323 1317 2412; x_wconf 87' lang='lat' dir='ltr'>Capistrano,</span> <span class='ocrx_word' id='word_1_192' title='bbox 1341 2327 1425 2396; x_wconf 89' lang='lat' dir='ltr'>socio</span> <span class='ocrx_word' id='word_1_193' title='bbox 1448 2345 1521 2395; x_wconf 87' lang='lat' dir='ltr'>meo</span> <span class='ocrx_word' id='word_1_194' title='bbox 1544 2345 1583 2394; x_wconf 82' lang='lat' dir='ltr'>cx</span> 
     </span>
     <span class='ocr_line' id='line_1_22' title="bbox 232 2413 1582 2504; baseline -0.002 -19"><span class='ocrx_word' id='word_1_195' title='bbox 232 2420 326 2504; x_wconf 85' lang='lat' dir='ltr'>parta</span> <span class='ocrx_word' id='word_1_196' title='bbox 347 2413 457 2484; x_wconf 86' lang='lat' dir='ltr'>italica</span> <span class='ocrx_word' id='word_1_197' title='bbox 478 2413 638 2498; x_wconf 86' lang='lat' dir='ltr'>personali</span> <span class='ocrx_word' id='word_1_198' title='bbox 661 2419 694 2480; x_wconf 92' lang='lat' dir='ltr'>et</span> <span class='ocrx_word' id='word_1_199' title='bbox 716 2414 932 2482; x_wconf 83' lang='lat' dir='ltr'>commissario</span> <span class='ocrx_word' id='word_1_200' title='bbox 955 2433 993 2482; x_wconf 85' lang='lat' dir='ltr'>sc</span> <span class='ocrx_word' id='word_1_201' title='bbox 1013 2413 1172 2481; x_wconf 72' lang='lat' dir='ltr'>risimtori</span> <span class='ocrx_word' id='word_1_202' title='bbox 1194 2415 1227 2480; x_wconf 94' lang='lat' dir='ltr'>in</span> <span class='ocrx_word' id='word_1_203' title='bbox 1249 2415 1396 2482; x_wconf 90' lang='lat' dir='ltr'>omnibns</span> <span class='ocrx_word' id='word_1_204' title='bbox 1410 2416 1582 2499; x_wconf 84' lang='lat' dir='ltr'>provinciis</span> 
     </span>
    </p>
   </div>
   <div class='ocr_carea' id='block_1_10' title="bbox 232 2499 1584 3110">
    <p class='ocr_par' dir='ltr' id='par_1_11' title="bbox 232 2499 1583 2673">
     <span class='ocr_line' id='line_1_23' title="bbox 232 2499 1583 2588; baseline -0.003 -16"><span class='ocrx_word' id='word_1_205' title='bbox 232 2502 323 2588; x_wconf 86' lang='lat' dir='ltr'>regni</span> <span class='ocrx_word' id='word_1_206' title='bbox 345 2501 491 2587; x_wconf 80' lang='lat' dir='ltr'>Apuliae,</span> <span class='ocrx_word' id='word_1_207' title='bbox 523 2501 561 2567; x_wconf 87' lang='lat' dir='ltr'>ir.</span> <span class='ocrx_word' id='word_1_208' title='bbox 594 2499 773 2568; x_wconf 86' lang='lat' dir='ltr'>Guilelmus</span> <span class='ocrx_word' id='word_1_209' title='bbox 803 2501 843 2568; x_wconf 89' lang='lat' dir='ltr'>dc</span> <span class='ocrx_word' id='word_1_210' title='bbox 877 2499 991 2580; x_wconf 81' lang='lat' dir='ltr'>Casuli,</span> <span class='ocrx_word' id='word_1_211' title='bbox 1019 2501 1139 2568; x_wconf 89' lang='lat' dir='ltr'>ordinis</span> <span class='ocrx_word' id='word_1_212' title='bbox 1161 2503 1319 2569; x_wconf 91' lang='lat' dir='ltr'>minorum</span> <span class='ocrx_word' id='word_1_213' title='bbox 1342 2501 1502 2586; x_wconf 87' lang='lat' dir='ltr'>generalis</span> <span class='ocrx_word' id='word_1_214' title='bbox 1523 2503 1583 2568; x_wconf 91' lang='lat' dir='ltr'>mi-</span> 
     </span>
     <span class='ocr_line' id='line_1_24' title="bbox 233 2587 1355 2673; baseline -0.004 -15"><span class='ocrx_word' id='word_1_215' title='bbox 233 2592 336 2660; x_wconf 87' lang='lat' dir='ltr'>nister</span> <span class='ocrx_word' id='word_1_216' title='bbox 357 2596 391 2656; x_wconf 88' lang='lat' dir='ltr'>et</span> <span class='ocrx_word' id='word_1_217' title='bbox 412 2607 533 2670; x_wconf 82' lang='lat' dir='ltr'>seruus,</span> <span class='ocrx_word' id='word_1_218' title='bbox 557 2587 694 2656; x_wconf 85' lang='lat' dir='ltr'>salutem</span> <span class='ocrx_word' id='word_1_219' title='bbox 717 2594 750 2655; x_wconf 89' lang='lat' dir='ltr'>et</span> <span class='ocrx_word' id='word_1_220' title='bbox 771 2605 880 2672; x_wconf 89' lang='lat' dir='ltr'>pacem</span> <span class='ocrx_word' id='word_1_221' title='bbox 903 2589 936 2653; x_wconf 93' lang='lat' dir='ltr'>iu</span> <span class='ocrx_word' id='word_1_222' title='bbox 959 2588 1097 2654; x_wconf 90' lang='lat' dir='ltr'>Domino</span> <span class='ocrx_word' id='word_1_223' title='bbox 1118 2590 1355 2673; x_wconf 89' lang='lat' dir='ltr'>sempiternam.</span> 
     </span>
    </p>

    <p class='ocr_par' dir='ltr' id='par_1_12' title="bbox 232 2672 1584 2846">
     <span class='ocr_line' id='line_1_25' title="bbox 299 2672 1584 2761; baseline -0.002 -19"><span class='ocrx_word' id='word_1_224' title='bbox 299 2675 373 2761; x_wconf 88' lang='lat' dir='ltr'>(Ut)</span> <span class='ocrx_word' id='word_1_225' title='bbox 395 2675 562 2742; x_wconf 88' lang='lat' dir='ltr'>commissa</span> <span class='ocrx_word' id='word_1_226' title='bbox 584 2693 642 2758; x_wconf 88' lang='lat' dir='ltr'>per</span> <span class='ocrx_word' id='word_1_227' title='bbox 669 2692 721 2740; x_wconf 91' lang='lat' dir='ltr'>me</span> <span class='ocrx_word' id='word_1_228' title='bbox 751 2675 809 2742; x_wconf 88' lang='lat' dir='ltr'>tibi</span> <span class='ocrx_word' id='word_1_229' title='bbox 832 2673 933 2757; x_wconf 88' lang='lat' dir='ltr'>possis</span> <span class='ocrx_word' id='word_1_230' title='bbox 955 2672 1112 2742; x_wconf 81' lang='lat' dir='ltr'>efficacius</span> <span class='ocrx_word' id='word_1_231' title='bbox 1139 2675 1283 2758; x_wconf 90' lang='lat' dir='ltr'>implere,</span> <span class='ocrx_word' id='word_1_232' title='bbox 1307 2675 1502 2758; x_wconf 90' lang='lat' dir='ltr'>presentium</span> <span class='ocrx_word' id='word_1_233' title='bbox 1524 2675 1584 2743; x_wconf 85' lang='lat' dir='ltr'>tibi</span> 
     </span>
     <span class='ocr_line' id='line_1_26' title="bbox 232 2760 1455 2846; baseline -0.003 -14"><span class='ocrx_word' id='word_1_234' title='bbox 232 2769 343 2832; x_wconf 84' lang='lat' dir='ltr'>tenore</span> <span class='ocrx_word' id='word_1_235' title='bbox 366 2763 528 2830; x_wconf 85' lang='lat' dir='ltr'>concedo.</span> <span class='ocrx_word' id='word_1_236' title='bbox 546 2811 553 2828; x_wconf 94' lang='lat'>.</span> <span class='ocrx_word' id='word_1_237' title='bbox 572 2806 580 2825; x_wconf 88' lang='lat'>.</span> <span class='ocrx_word' id='word_1_238' title='bbox 606 2760 707 2828; x_wconf 88' lang='lat' dir='ltr'>Vale.</span> <span class='ocrx_word' id='word_1_239' title='bbox 726 2811 758 2830; x_wconf 91' lang='lat'>..</span> <span class='ocrx_word' id='word_1_240' title='bbox 782 2779 822 2828; x_wconf 84' lang='lat' dir='ltr'>ex</span> <span class='ocrx_word' id='word_1_241' title='bbox 843 2762 945 2828; x_wconf 88' lang='lat' dir='ltr'>Rome</span> <span class='ocrx_word' id='word_1_242' title='bbox 966 2780 1061 2828; x_wconf 84' lang='lat' dir='ltr'>manu</span> <span class='ocrx_word' id='word_1_243' title='bbox 1083 2763 1213 2846; x_wconf 91' lang='lat' dir='ltr'>propria</span> <span class='ocrx_word' id='word_1_244' title='bbox 1239 2767 1277 2827; x_wconf 88' lang='lat'>16</span> <span class='ocrx_word' id='word_1_245' title='bbox 1300 2761 1455 2830; x_wconf 89' lang='lat' dir='ltr'>Maii...</span> 
     </span>
    </p>

    <p class='ocr_par' dir='ltr' id='par_1_13' title="bbox 233 2847 1584 3110">
     <span class='ocr_line' id='line_1_27' title="bbox 298 2847 1584 2932; baseline 0 -16"><span class='ocrx_word' id='word_1_246' title='bbox 298 2849 382 2916; x_wconf 91' lang='lat' dir='ltr'>Volo</span> <span class='ocrx_word' id='word_1_247' title='bbox 414 2867 471 2932; x_wconf 88' lang='lat' dir='ltr'>per</span> <span class='ocrx_word' id='word_1_248' title='bbox 502 2849 629 2915; x_wconf 88' lang='lat' dir='ltr'>easdem</span> <span class='ocrx_word' id='word_1_249' title='bbox 659 2851 850 2931; x_wconf 90' lang='lat' dir='ltr'>potestatem</span> <span class='ocrx_word' id='word_1_250' title='bbox 882 2848 1002 2915; x_wconf 85' lang='lat' dir='ltr'>habeus</span> <span class='ocrx_word' id='word_1_251' title='bbox 1032 2847 1065 2913; x_wconf 93' lang='lat' dir='ltr'>iu</span> <span class='ocrx_word' id='word_1_252' title='bbox 1098 2848 1176 2915; x_wconf 88' lang='lat' dir='ltr'>locis</span> <span class='ocrx_word' id='word_1_253' title='bbox 1202 2847 1339 2916; x_wconf 85' lang='lat' dir='ltr'>vicariae</span> <span class='ocrx_word' id='word_1_254' title='bbox 1362 2849 1486 2916; x_wconf 59' lang='lat' dir='ltr'>&amp;snae</span> <span class='ocrx_word' id='word_1_255' title='bbox 1508 2850 1584 2916; x_wconf 74' lang='lat' dir='ltr'>sun</span> 
     </span>
     <span class='ocr_line' id='line_1_28' title="bbox 235 2933 1584 3040; baseline -0.003 -34"><span class='ocrx_word' id='word_1_256' title='bbox 235 2936 398 3040; x_wconf 65' lang='lat' dir='ltr'>lecticis</span> <span class='ocrx_word' id='word_1_257' title='bbox 416 2935 577 3021; x_wconf 79' lang='lat' dir='ltr'>provincia</span> <span class='ocrx_word' id='word_1_258' title='bbox 600 2933 736 3020; x_wconf 81' lang='lat' dir='ltr'>Apuliae</span> <span class='ocrx_word' id='word_1_259' title='bbox 758 2935 948 3022; x_wconf 88' lang='lat' dir='ltr'>constitutis,</span> <span class='ocrx_word' id='word_1_260' title='bbox 972 2953 1067 3016; x_wconf 90' lang='lat' dir='ltr'>quam</span> <span class='ocrx_word' id='word_1_261' title='bbox 1086 2935 1186 3004; x_wconf 84' lang='lat' dir='ltr'>habes</span> <span class='ocrx_word' id='word_1_262' title='bbox 1207 2935 1240 3001; x_wconf 96' lang='lat' dir='ltr'>in</span> <span class='ocrx_word' id='word_1_263' title='bbox 1262 2935 1433 3019; x_wconf 83' lang='lat' dir='ltr'>prouinciis</span> <span class='ocrx_word' id='word_1_264' title='bbox 1454 2954 1514 3020; x_wconf 90' lang='lat' dir='ltr'>per</span> <span class='ocrx_word' id='word_1_265' title='bbox 1532 2953 1584 3002; x_wconf 87' lang='lat' dir='ltr'>me</span> 
     </span>
     <span class='ocr_line' id='line_1_29' title="bbox 233 3041 426 3110; baseline -0.021 -18"><span class='ocrx_word' id='word_1_266' title='bbox 233 3041 426 3110; x_wconf 77' lang='lat' dir='ltr'>praemissus.</span> 
     </span>
    </p>
   </div>
   <div class='ocr_carea' id='block_1_11' title="bbox 301 3107 1036 3194">
    <p class='ocr_par' dir='ltr' id='par_1_14' title="bbox 301 3107 1036 3194">
     <span class='ocr_line' id='line_1_30' title="bbox 301 3107 1036 3194; baseline -0.004 -16"><span class='ocrx_word' id='word_1_267' title='bbox 301 3108 516 3194; x_wconf 88' lang='lat' dir='ltr'>G(ulielmus).</span> <span class='ocrx_word' id='word_1_268' title='bbox 538 3109 658 3176; x_wconf 83' lang='lat' dir='ltr'>Placet.</span> <span class='ocrx_word' id='word_1_269' title='bbox 681 3107 759 3174; x_wconf 89' lang='lat' dir='ltr'>Visa</span> <span class='ocrx_word' id='word_1_270' title='bbox 781 3107 910 3193; x_wconf 90' lang='lat' dir='ltr'>propria</span> <span class='ocrx_word' id='word_1_271' title='bbox 931 3126 1036 3175; x_wconf 85' lang='lat' dir='ltr'>manu.</span> 
     </span>
    </p>
   </div>
   <div class='ocr_carea' id='block_1_12' title="bbox 233 3193 1581 3336">
    <p class='ocr_par' dir='ltr' id='par_1_15' title="bbox 233 3193 1581 3336">
     <span class='ocr_line' id='line_1_31' title="bbox 297 3193 1581 3266; baseline -0.003 -15"><span class='ocrx_word' id='word_1_272' title='bbox 297 3195 463 3266; x_wconf 83' lang='lat' dir='ltr'>Exemplum</span> <span class='ocrx_word' id='word_1_273' title='bbox 492 3193 676 3250; x_wconf 88' lang='lat' dir='ltr'>bibliothecae</span> <span class='ocrx_word' id='word_1_274' title='bbox 704 3193 840 3248; x_wconf 81' lang='lat' dir='ltr'>»Vittorio</span> <span class='ocrx_word' id='word_1_275' title='bbox 866 3193 1035 3248; x_wconf 74' lang='lat' dir='ltr'>samuele«</span> <span class='ocrx_word' id='word_1_276' title='bbox 1067 3193 1182 3261; x_wconf 84' lang='lat' dir='ltr'>Romae,</span> <span class='ocrx_word' id='word_1_277' title='bbox 1218 3193 1406 3252; x_wconf 81' lang='lat' dir='ltr'>»Manoscritti</span> <span class='ocrx_word' id='word_1_278' title='bbox 1429 3193 1581 3252; x_wconf 68' lang='lat' dir='ltr'>Gessium«</span> 
     </span>
     <span class='ocr_line' id='line_1_32' title="bbox 233 3262 798 3336; baseline -0.007 -14"><span class='ocrx_word' id='word_1_279' title='bbox 233 3265 303 3324; x_wconf 77' lang='lat' dir='ltr'>coi.</span> <span class='ocrx_word' id='word_1_280' title='bbox 321 3266 381 3322; x_wconf 85' lang='grc'><strong>339.</strong></span> <span class='ocrx_word' id='word_1_281' title='bbox 400 3264 555 3336; x_wconf 84' lang='lat' dir='ltr'>(saeculum</span> <span class='ocrx_word' id='word_1_282' title='bbox 573 3263 672 3332; x_wconf 88' lang='lat' dir='ltr'>XVII)</span> <span class='ocrx_word' id='word_1_283' title='bbox 690 3262 738 3318; x_wconf 85' lang='lat' dir='ltr'>fol.</span> <span class='ocrx_word' id='word_1_284' title='bbox 756 3263 798 3318; x_wconf 89' lang='grc'>66.</span> 
     </span>
    </p>
   </div>
   <div class='ocr_carea' id='block_1_13' title="bbox 544 3400 1270 3489">
    <p class='ocr_par' dir='ltr' id='par_1_16' title="bbox 544 3400 1270 3489">
     <span class='ocr_line' id='line_1_33' title="bbox 544 3400 1270 3489; baseline 0.006 -19"><span class='ocrx_word' id='word_1_285' title='bbox 544 3401 773 3470; x_wconf 74' lang='lat' dir='ltr'>Densum.</span> <span class='ocrx_word' id='word_1_286' title='bbox 804 3400 894 3486; x_wconf 89' lang='grc'><strong>1430,</strong></span> <span class='ocrx_word' id='word_1_287' title='bbox 925 3400 1096 3485; x_wconf 81' lang='grc'><strong>2003111,</strong></span> <span class='ocrx_word' id='word_1_288' title='bbox 1120 3401 1270 3489; x_wconf 84' lang='lat' dir='ltr'>Ragnsil.</span> 
     </span>
    </p>
   </div>
   <div class='ocr_carea' id='block_1_14' title="bbox 234 3505 1585 3765">
    <p class='ocr_par' dir='ltr' id='par_1_17' title="bbox 234 3505 1585 3765">
     <span class='ocr_line' id='line_1_34' title="bbox 299 3505 1585 3592; baseline -0.002 -17"><span class='ocrx_word' id='word_1_289' title='bbox 299 3507 473 3576; x_wconf 83' lang='lat' dir='ltr'>Commune</span> <span class='ocrx_word' id='word_1_290' title='bbox 495 3507 680 3590; x_wconf 86' lang='lat' dir='ltr'>ragusinum</span> <span class='ocrx_word' id='word_1_291' title='bbox 702 3507 770 3590; x_wconf 90' lang='lat' dir='ltr'>regi</span> <span class='ocrx_word' id='word_1_292' title='bbox 795 3505 997 3592; x_wconf 75' lang='lat' dir='ltr'>sigismundo</span> <span class='ocrx_word' id='word_1_293' title='bbox 1017 3507 1085 3590; x_wconf 88' lang='lat' dir='ltr'>ugit</span> <span class='ocrx_word' id='word_1_294' title='bbox 1106 3508 1226 3592; x_wconf 89' lang='lat' dir='ltr'>gratias</span> <span class='ocrx_word' id='word_1_295' title='bbox 1247 3507 1287 3575; x_wconf 93' lang='lat' dir='ltr'>ob</span> <span class='ocrx_word' id='word_1_296' title='bbox 1310 3507 1379 3576; x_wconf 88' lang='lat' dir='ltr'>cius</span> <span class='ocrx_word' id='word_1_297' title='bbox 1400 3507 1585 3576; x_wconf 83' lang='lat' dir='ltr'>sollicitudi-</span> 
     </span>
     <span class='ocr_line' id='line_1_35' title="bbox 234 3594 1584 3680; baseline -0.002 -17"><span class='ocrx_word' id='word_1_298' title='bbox 234 3613 308 3663; x_wconf 90' lang='lat' dir='ltr'>nem</span> <span class='ocrx_word' id='word_1_299' title='bbox 333 3596 374 3662; x_wconf 83' lang='lat' dir='ltr'>rla</span> <span class='ocrx_word' id='word_1_300' title='bbox 398 3595 624 3680; x_wconf 89' lang='lat' dir='ltr'>compescendo</span> <span class='ocrx_word' id='word_1_301' title='bbox 654 3595 788 3677; x_wconf 85' lang='lat' dir='ltr'>vojvods</span> <span class='ocrx_word' id='word_1_302' title='bbox 809 3595 1001 3675; x_wconf 88' lang='lat' dir='ltr'>Radossavo,</span> <span class='ocrx_word' id='word_1_303' title='bbox 1037 3596 1201 3678; x_wconf 85' lang='lat' dir='ltr'>,patarino</span> <span class='ocrx_word' id='word_1_304' title='bbox 1223 3595 1454 3680; x_wconf 84' lang='lat' dir='ltr'>iniquissimo“‚</span> <span class='ocrx_word' id='word_1_305' title='bbox 1481 3594 1584 3663; x_wconf 86' lang='lat' dir='ltr'>mani·</span> 
     </span>
     <span class='ocr_line' id='line_1_36' title="bbox 234 3679 1583 3765; baseline -0.002 -16"><span class='ocrx_word' id='word_1_306' title='bbox 234 3682 388 3750; x_wconf 85' lang='lat' dir='ltr'>ieststam</span> <span class='ocrx_word' id='word_1_307' title='bbox 410 3681 528 3748; x_wconf 85' lang='lat' dir='ltr'>litteris</span> <span class='ocrx_word' id='word_1_308' title='bbox 550 3679 651 3748; x_wconf 80' lang='lat' dir='ltr'>Talae</span> <span class='ocrx_word' id='word_1_309' title='bbox 672 3682 723 3747; x_wconf 85' lang='lat' dir='ltr'>die</span> <span class='ocrx_word' id='word_1_310' title='bbox 748 3682 788 3746; x_wconf 87' lang='lat' dir='ltr'>1s</span> <span class='ocrx_word' id='word_1_311' title='bbox 811 3681 891 3747; x_wconf 88' lang='lat' dir='ltr'>Maii</span> <span class='ocrx_word' id='word_1_312' title='bbox 912 3681 1013 3760; x_wconf 89' lang='lat' dir='ltr'>datis;</span> <span class='ocrx_word' id='word_1_313' title='bbox 1036 3683 1112 3746; x_wconf 86' lang='lat' dir='ltr'>item</span> <span class='ocrx_word' id='word_1_314' title='bbox 1128 3683 1266 3764; x_wconf 87' lang='lat' dir='ltr'>nunciat,</span> <span class='ocrx_word' id='word_1_315' title='bbox 1283 3682 1366 3765; x_wconf 86' lang='lat' dir='ltr'>quod</span> <span class='ocrx_word' id='word_1_316' title='bbox 1381 3687 1496 3765; x_wconf 87' lang='lat' dir='ltr'>gentes</span> <span class='ocrx_word' id='word_1_317' title='bbox 1508 3680 1583 3750; x_wconf 89' lang='lat' dir='ltr'>dicti</span> 
     </span>
    </p>
   </div>
   <div class='ocr_carea' id='block_1_15' title="bbox 233 3767 1430 3925">
    <p class='ocr_par' dir='ltr' id='par_1_18' title="bbox 233 3767 1430 3925">
     <span class='ocr_line' id='line_1_37' title="bbox 233 3767 1430 3852; baseline -0.001 -17"><span class='ocrx_word' id='word_1_318' title='bbox 233 3767 410 3837; x_wconf 85' lang='lat' dir='ltr'>deosssvi</span> <span class='ocrx_word' id='word_1_319' title='bbox 434 3769 538 3834; x_wconf 90' lang='lat' dir='ltr'>denuo</span> <span class='ocrx_word' id='word_1_320' title='bbox 559 3767 613 3834; x_wconf 81' lang='lat' dir='ltr'>die</span> <span class='ocrx_word' id='word_1_321' title='bbox 636 3774 654 3833; x_wconf 88' lang='lat'><strong>3</strong></span> <span class='ocrx_word' id='word_1_322' title='bbox 678 3767 767 3833; x_wconf 83' lang='lat' dir='ltr'>Junii</span> <span class='ocrx_word' id='word_1_323' title='bbox 788 3767 941 3836; x_wconf 87' lang='lat' dir='ltr'>irruerint</span> <span class='ocrx_word' id='word_1_324' title='bbox 962 3769 995 3834; x_wconf 94' lang='lat' dir='ltr'>iu</span> <span class='ocrx_word' id='word_1_325' title='bbox 1018 3768 1213 3835; x_wconf 89' lang='lat' dir='ltr'>territorium</span> <span class='ocrx_word' id='word_1_326' title='bbox 1234 3771 1430 3852; x_wconf 88' lang='lat' dir='ltr'>ragusinum.</span> 
     </span>
     <span class='ocr_line' id='line_1_38' title="bbox 298 3851 856 3925; baseline 0 -15"><span class='ocrx_word' id='word_1_327' title='bbox 298 3851 423 3910; x_wconf 77' lang='lat' dir='ltr'>Ccicr&#39;clt:</span> <span class='ocrx_word' id='word_1_328' title='bbox 440 3851 677 3925; x_wconf 79' lang='lat' dir='ltr'>Diplomstarium</span> <span class='ocrx_word' id='word_1_329' title='bbox 695 3869 722 3924; x_wconf 92' lang='lat' dir='ltr'>p.</span> <span class='ocrx_word' id='word_1_330' title='bbox 743 3853 856 3910; x_wconf 74' lang='lat' dir='ltr'>ati-s</span> 
     </span>
    </p>
   </div>
   <div class='ocr_carea' id='block_1_16' title="bbox 633 3991 1190 4078">
    <p class='ocr_par' dir='ltr' id='par_1_19' title="bbox 633 3991 1190 4078">
     <span class='ocr_line' id='line_1_39' title="bbox 633 3991 1190 4078; baseline 0.009 -21"><span class='ocrx_word' id='word_1_331' title='bbox 633 3991 756 4060; x_wconf 78' lang='lat' dir='ltr'>nuic.</span> <span class='ocrx_word' id='word_1_332' title='bbox 783 3991 875 4078; x_wconf 90' lang='grc'><strong>1430,</strong></span> <span class='ocrx_word' id='word_1_333' title='bbox 899 3993 917 4063; x_wconf 84' lang='lat'><strong>5</strong></span> <span class='ocrx_word' id='word_1_334' title='bbox 941 3992 1036 4076; x_wconf 87' lang='lat' dir='ltr'>iulli,</span> <span class='ocrx_word' id='word_1_335' title='bbox 1059 3993 1190 4065; x_wconf 82' lang='lat' dir='ltr'>Rornae.</span> 
     </span>
    </p>
   </div>
   <div class='ocr_carea' id='block_1_17' title="bbox 233 4095 1584 4530">
    <p class='ocr_par' dir='ltr' id='par_1_20' title="bbox 233 4095 1584 4444">
     <span class='ocr_line' id='line_1_40' title="bbox 300 4095 1584 4182; baseline -0.001 -19"><span class='ocrx_word' id='word_1_336' title='bbox 300 4095 462 4166; x_wconf 83' lang='lat' dir='ltr'>Martinus</span> <span class='ocrx_word' id='word_1_337' title='bbox 484 4097 545 4164; x_wconf 91' lang='grc' dir='ltr'>ΡΡ.</span> <span class='ocrx_word' id='word_1_338' title='bbox 570 4095 609 4164; x_wconf 91' lang='lat' dir='ltr'>V.</span> <span class='ocrx_word' id='word_1_339' title='bbox 633 4098 739 4164; x_wconf 85' lang='lat' dir='ltr'>abbati</span> <span class='ocrx_word' id='word_1_340' title='bbox 763 4099 946 4166; x_wconf 84' lang='lat' dir='ltr'>monasterii</span> <span class='ocrx_word' id='word_1_341' title='bbox 969 4118 995 4166; x_wconf 88' lang='lat' dir='ltr'>s.</span> <span class='ocrx_word' id='word_1_342' title='bbox 1018 4098 1214 4182; x_wconf 80' lang='lat' dir='ltr'>Chrysogoni</span> <span class='ocrx_word' id='word_1_343' title='bbox 1236 4098 1399 4182; x_wconf 78' lang='lat' dir='ltr'>permittit,</span> <span class='ocrx_word' id='word_1_344' title='bbox 1424 4103 1462 4164; x_wconf 88' lang='lat' dir='ltr'>ut</span> <span class='ocrx_word' id='word_1_345' title='bbox 1484 4095 1584 4163; x_wconf 85' lang='lat' dir='ltr'>eccle-</span> 
     </span>
     <span class='ocr_line' id='line_1_41' title="bbox 233 4183 1579 4268; baseline -0.002 -15"><span class='ocrx_word' id='word_1_346' title='bbox 233 4185 316 4254; x_wconf 85' lang='lat' dir='ltr'>siam</span> <span class='ocrx_word' id='word_1_347' title='bbox 338 4188 371 4250; x_wconf 90' lang='lat' dir='ltr'>et</span> <span class='ocrx_word' id='word_1_348' title='bbox 393 4184 532 4266; x_wconf 83' lang='lat' dir='ltr'>domum,</span> <span class='ocrx_word' id='word_1_349' title='bbox 554 4202 649 4268; x_wconf 90' lang='lat' dir='ltr'>quam</span> <span class='ocrx_word' id='word_1_350' title='bbox 675 4184 801 4264; x_wconf 87' lang='lat' dir='ltr'>„Simon</span> <span class='ocrx_word' id='word_1_351' title='bbox 823 4187 863 4253; x_wconf 87' lang='lat' dir='ltr'>de</span> <span class='ocrx_word' id='word_1_352' title='bbox 885 4187 993 4267; x_wconf 82' lang='lat' dir='ltr'>Bogus</span> <span class='ocrx_word' id='word_1_353' title='bbox 1010 4237 1018 4252; x_wconf 93' lang='lat'>.</span> <span class='ocrx_word' id='word_1_354' title='bbox 1035 4237 1043 4251; x_wconf 98' lang='lat'>.</span> <span class='ocrx_word' id='word_1_355' title='bbox 1061 4238 1069 4252; x_wconf 91' lang='lat'>.</span> <span class='ocrx_word' id='word_1_356' title='bbox 1085 4186 1144 4253; x_wconf 92' lang='lat' dir='ltr'>sub</span> <span class='ocrx_word' id='word_1_357' title='bbox 1167 4184 1319 4252; x_wconf 84' lang='lat' dir='ltr'>vocabulo</span> <span class='ocrx_word' id='word_1_358' title='bbox 1339 4203 1372 4250; x_wconf 89' lang='lat' dir='ltr'>ss</span> <span class='ocrx_word' id='word_1_359' title='bbox 1398 4183 1579 4266; x_wconf 81' lang='lat' dir='ltr'>Hieronymi</span> 
     </span>
     <span class='ocr_line' id='line_1_42' title="bbox 234 4269 1582 4356; baseline -0.004 -17"><span class='ocrx_word' id='word_1_360' title='bbox 234 4277 268 4340; x_wconf 90' lang='lat' dir='ltr'>et</span> <span class='ocrx_word' id='word_1_361' title='bbox 299 4271 387 4339; x_wconf 87' lang='lat' dir='ltr'>Petri</span> <span class='ocrx_word' id='word_1_362' title='bbox 416 4272 568 4356; x_wconf 81' lang='lat' dir='ltr'>martyris</span> <span class='ocrx_word' id='word_1_363' title='bbox 599 4271 633 4336; x_wconf 87' lang='lat' dir='ltr'>in</span> <span class='ocrx_word' id='word_1_364' title='bbox 661 4269 730 4338; x_wconf 89' lang='lat' dir='ltr'>loco</span> <span class='ocrx_word' id='word_1_365' title='bbox 760 4271 884 4339; x_wconf 88' lang='lat' dir='ltr'>insulae</span> <span class='ocrx_word' id='word_1_366' title='bbox 915 4272 1060 4340; x_wconf 79' lang='lat' dir='ltr'>lairena.</span> <span class='ocrx_word' id='word_1_367' title='bbox 1091 4273 1230 4340; x_wconf 83' lang='lat' dir='ltr'>civitatis</span> <span class='ocrx_word' id='word_1_368' title='bbox 1247 4325 1253 4338; x_wconf 95' lang='lat'>.</span> <span class='ocrx_word' id='word_1_369' title='bbox 1271 4319 1304 4336; x_wconf 91' lang='lat'>..</span> <span class='ocrx_word' id='word_1_370' title='bbox 1327 4289 1347 4338; x_wconf 88' lang='lat' dir='ltr'>s</span> <span class='ocrx_word' id='word_1_371' title='bbox 1369 4269 1499 4338; x_wconf 86' lang='lat' dir='ltr'>civitate</span> <span class='ocrx_word' id='word_1_372' title='bbox 1530 4286 1582 4354; x_wconf 91' lang='lat' dir='ltr'>pur</span> 
     </span>
     <span class='ocr_line' id='line_1_43' title="bbox 234 4357 1570 4444; baseline -0.001 -20"><span class='ocrx_word' id='word_1_373' title='bbox 234 4357 499 4444; x_wconf 78' lang='lat' dir='ltr'>quinquemillia</span> <span class='ocrx_word' id='word_1_374' title='bbox 532 4357 691 4426; x_wconf 80' lang='lat' dir='ltr'>distante“</span> <span class='ocrx_word' id='word_1_375' title='bbox 728 4357 915 4434; x_wconf 83' lang='lat' dir='ltr'>aedificarit,</span> <span class='ocrx_word' id='word_1_376' title='bbox 946 4359 1100 4426; x_wconf 84' lang='lat' dir='ltr'>fratribus</span> <span class='ocrx_word' id='word_1_377' title='bbox 1126 4359 1264 4426; x_wconf 83' lang='lat' dir='ltr'>vicariae</span> <span class='ocrx_word' id='word_1_378' title='bbox 1286 4359 1412 4425; x_wconf 88' lang='lat' dir='ltr'>Bosnae</span> <span class='ocrx_word' id='word_1_379' title='bbox 1436 4357 1570 4442; x_wconf 87' lang='lat' dir='ltr'>applicet</span> 
     </span>
    </p>

    <p class='ocr_par' dir='ltr' id='par_1_21' title="bbox 302 4443 1574 4530">
     <span class='ocr_line' id='line_1_44' title="bbox 302 4443 1574 4530; baseline -0.002 -18"><span class='ocrx_word' id='word_1_380' title='bbox 302 4444 368 4512; x_wconf 90' lang='lat' dir='ltr'>Piis</span> <span class='ocrx_word' id='word_1_381' title='bbox 398 4443 600 4530; x_wconf 90' lang='lat' dir='ltr'>supplicum.</span> <span class='ocrx_word' id='word_1_382' title='bbox 617 4493 625 4512; x_wconf 92' lang='lat'>.</span> <span class='ocrx_word' id='word_1_383' title='bbox 642 4493 675 4512; x_wconf 92' lang='lat'>..</span> <span class='ocrx_word' id='word_1_384' title='bbox 699 4443 772 4512; x_wconf 88' lang='lat' dir='ltr'>Dst.</span> <span class='ocrx_word' id='word_1_385' title='bbox 804 4446 924 4513; x_wconf 90' lang='lat' dir='ltr'>Romae</span> <span class='ocrx_word' id='word_1_386' title='bbox 955 4448 1039 4529; x_wconf 88' lang='lat' dir='ltr'>apud</span> <span class='ocrx_word' id='word_1_387' title='bbox 1073 4451 1200 4514; x_wconf 88' lang='lat' dir='ltr'>sanctos</span> <span class='ocrx_word' id='word_1_388' title='bbox 1231 4443 1389 4530; x_wconf 86' lang='lat' dir='ltr'>apostolos</span> <span class='ocrx_word' id='word_1_389' title='bbox 1418 4469 1456 4510; x_wconf 81' lang='lat'>111</span> <span class='ocrx_word' id='word_1_390' title='bbox 1486 4463 1574 4512; x_wconf 56' lang='lat' dir='ltr'>nonar.</span> 
     </span>
    </p>
   </div>
   <div class='ocr_carea' id='block_1_18' title="bbox 233 4529 1572 4759">
    <p class='ocr_par' dir='ltr' id='par_1_22' title="bbox 233 4529 1572 4759">
     <span class='ocr_line' id='line_1_45' title="bbox 233 4529 1572 4759; baseline -0.001 -86"><span class='ocrx_word' id='word_1_391' title='bbox 233 4529 508 4759; x_wconf 53' lang='grc' dir='ltr'>Ξυῖὲιῖἕιὲτιῗῐᾱο</span> <span class='ocrx_word' id='word_1_392' title='bbox 524 4615 641 4674; x_wconf 88' lang='lat' dir='ltr'>dirersis</span> <span class='ocrx_word' id='word_1_393' title='bbox 659 4615 755 4674; x_wconf 77' lang='lat' dir='ltr'>formis</span> <span class='ocrx_word' id='word_1_394' title='bbox 780 4622 830 4674; x_wconf 89' lang='lat' dir='ltr'>etc.</span> <span class='ocrx_word' id='word_1_395' title='bbox 859 4634 903 4673; x_wconf 88' lang='lat' dir='ltr'>uu.</span> <span class='ocrx_word' id='word_1_396' title='bbox 923 4617 1020 4674; x_wconf 83' lang='grc'><strong>13131</strong></span> <span class='ocrx_word' id='word_1_397' title='bbox 1041 4618 1082 4673; x_wconf 84' lang='grc'><strong>17.</strong></span> <span class='ocrx_word' id='word_1_398' title='bbox 1106 4617 1258 4688; x_wconf 79' lang='lat' dir='ltr'>Woricis&#39;rsg:</span> <span class='ocrx_word' id='word_1_399' title='bbox 1278 4617 1378 4674; x_wconf 81' lang='lat' dir='ltr'>Annul.</span> <span class='ocrx_word' id='word_1_400' title='bbox 1396 4616 1496 4674; x_wconf 88' lang='lat' dir='ltr'>minor.</span> <span class='ocrx_word' id='word_1_401' title='bbox 1516 4621 1572 4672; x_wconf 88' lang='lat' dir='ltr'>tom</span> 
     </span>
     <span class='ocr_line' id='line_1_46' title="bbox 263 4723 317 4756; baseline 0 -13"><span class='ocrx_word' id='word_1_402' title='bbox 263 4725 272 4756; x_wconf 91' lang='lat'>‚</span> <span class='ocrx_word' id='word_1_403' title='bbox 310 4723 317 4743; x_wconf 89' lang='lat'>.</span> 
     </span>
    </p>
   </div>
   <div class='ocr_carea' id='block_1_19' title="bbox 0 0 1710 5262">
    <p class='ocr_par' dir='ltr' id='par_1_23' title="bbox 0 0 1710 5262">
     <span class='ocr_line' id='line_1_47' title="bbox 0 0 1710 5262; baseline 0 0"><span class='ocrx_word' id='word_1_404' title='bbox 0 0 1710 5262; x_wconf 95' lang='lat' dir='ltr'> </span> 
     </span>
    </p>
   </div>
  </div>
 </body>
</html>
