3428 5256
241 270 304 334 230

586 478 744 550 CbiLiiX.
770 479 863 566 1457,
887 481 926 554 21
951 479 1086 571 Aprilis,
1110 482 1243 553 1155555.

309 600 452 672 calixtus
474 601 537 670 ΡΡ.
562 604 620 671 ΠΙ.
645 603 806 689 Stephano
829 605 899 689 regi
921 606 1054 689 Bosnae,
1079 610 1115 672 51
1136 605 1293 674 ioannem
1315 605 1356 674 do
1378 603 1506 686 Graiis,
1530 601 1595 671 Ra·

242 691 401 774 garinum,
425 711 450 759 5.
474 692 559 760 55115
589 693 622 758 15
646 693 852 779 Huugariam,
881 694 1019 762 Bosuam
1041 700 1074 761 et
1096 692 1240 761 serbiam
1263 692 1449 774 missumst
1474 690 1596 772 „Tuer-

241 779 341 882 ohoue
364 777 526 848 saudim
552 779 652 848 nobili
674 780 830 860 bosnensi,
853 787 980 866 captum
1001 786 1035 849 et
1049 782 1289 866 incarceratum,
1303 779 1448 850 libertati
1461 778 1595 847 restitui

242 866 458 1022 noega&
480 958 539 1020 etc
561 955 637 1024 Dat.
659 955 762 1023 Rome
783 961 843 1024 etc.
867 981 920 1024 xxx
942 955 1060 1041 Aprilis
1084 979 1255 1039 xoocoum,
1279 973 1329 1022 au.
1352 978 1398 1022 55.

243 1145 262 1201 p
289 1057 351 1185 2ξό
369 1073 426 1131 reg.
445 1059 513 1130 orig.
531 1075 576 1116 55.
594 1059 650 1127 ΙΠ,
668 1058 744 1116 brev.
761 1059 823 1115 libr.
840 1058 909 1129 vn,
927 1060 1035 1118 55185.
1057 1060 1189 1118 maer:
1207 1059 1334 1116 bionum.
1352 1057 1451 1130 Hung.
1470 1059 1542 1116 tom.
1556 1055 1598 1125 Π,

582 1269 753 1338 OMLXXI.
780 1267 872 1355 1457,
895 1269 936 1340 23
959 1269 1094 1359 Aprilis,
1116 1271 1251 1341 1155555.

307 1391 450 1460 calixtus
472 1392 534 1460 ΡΡ.
558 1391 614 1458 111.
637 1412 677 1460 ex
705 1392 804 1462 155155
826 1393 958 1462 11155155
981 1395 1021 1462 15
1044 1393 1191 1462 Sibeuioo
1212 1392 1280 1460 ord.
1303 1390 1462 1458 minomm
1486 1394 1521 1459 51
1544 1387 1600 1457 111-

242 1481 319 1547 teris
341 1479 403 1546 sibi
425 1479 541 1548 adlatis
562 1479 745 1564 intelligens
768 1480 971 1566 Stephanum,
994 1501 1103 1566 regem
1124 1482 1262 1562 Β55555,
1277 1477 1399 1549 bellum
1413 1479 1448 1546 iu
1470 1477 1599 1546 Tuscos

242 1567 326 1634 serio
348 1567 507 1648 meditari,
531 1585 604 1636 eum
626 1567 659 1633 in
682 1568 741 1635 hoc
762 1570 924 1654 proposito
946 1567 1118 1638 confirmat

308 1653 415 1721 Rediit
437 1656 478 1722 ad
500 1673 557 1722 uos
574 1701 607 1720 ..
630 1655 703 1723 Dat.
726 1657 826 1723 Rome
848 1656 900 1724 die
923 1678 1001 1724 xxm
1022 1655 1142 1740 Aprilis
1163 1679 1334 1724 55555555.

308 1757 352 1812 Ex
370 1774 427 1829 reg.
446 1758 514 1828 orig.
532 1774 577 1814 an.
595 1757 650 1824 ΠΙ,
668 1757 744 1816 brev.
762 1758 822 1814 libr.
842 1759 909 1828 VII,
928 1759 1036 1817 15197.
1056 1759 1190 1815 Tbeiner:
1209 1760 1336 1815 bionum.
1355 1756 1453 1827 Huug.
1474 1759 1547 1811 tom.
1561 1754 1601 1824 Π,

265 1871 270 1882 .
290 1829 350 1884 1191.
369 1831 417 1884 Fr.
436 1829 567 1884 Marinus
584 1828 617 1883 de
643 1829 740 1885 Genio:
767 1828 833 1886 Ord.
857 1830 923 1886 min.
942 1830 1003 1886 obs.
1027 1846 1063 1886 ex
1080 1829 1193 1886 decreto
1212 1827 1286 1884 sedis
1306 1825 1480 1900 spostolicae
1498 1829 1601 1883 55555

301 1914 348 1954 cas
366 1899 395 1953 iu
413 1898 556 1955 Dalmatia
572 1898 722 1954 cruciatam
740 1898 889 1972 praedicat.
909 1901 1034 1958 (15151555
1052 1899 1287 1973 Diplomatsrium
1305 1915 1333 1971 p.
1351 1899 1412 1954 597.

538 2073 726 2143 crisim.
754 2073 1066 2163 1455575515,
1091 2073 1294 2146 1155551155.
1407 2135 1408 2138 ,

234 2201 237 2228 ²
310 2195 483 2264 Commune
506 2195 708 2264 florentinum
731 2197 804 2266 duci
826 2197 979 2266 chimensi
1002 2196 1163 2284 Stephano
1185 2196 1305 2278 scribit,
1321 2214 1357 2264 55
1373 2213 1411 2262 ex
1427 2191 1601 2278 orelegati

245 2285 347 2370 ipsius
369 2285 492 2352 comitis
514 2283 683 2354 Pribislavi
705 2285 899 2354 intellexisse
921 2287 1063 2354 eiusdem
1084 2305 1162 2370 erga
1184 2302 1350 2352 commuue
1373 2281 1602 2362 devotionem

244 2391 336 2440 suem
360 2391 485 2457 quoque
507 2391 583 2456 erga
605 2371 695 2442 iilum
710 2372 878 2458 profitetur
891 2373 1063 2442 5515111555
1078 2371 1277 2458 agnoscendo
1293 2371 1398 2455 ipsum
1424 2375 1603 2454 „tauquam

246 2460 390 2528 columen
414 2465 446 2527 55
467 2459 625 2528 fautorem
648 2466 681 2529 ei
703 2461 794 2544 quasi
816 2469 981 2547 parentem
1003 2461 1141 2530 51555115
1164 2480 1201 2529 ac
1223 2459 1456 2529 mercatorum·
1482 2455 1602 2524 floreu-

246 2547 392 2614 tiuorum.
1180 2575 1181 2579 ¹

275 2651 344 2778 θ115
359 2651 475 2778 fregio
492 2650 598 2708 florent
617 2651 689 2709 Rad.
708 2651 821 2722 xviii,
845 2652 905 2709 238.
928 2650 1073 2710 1151551555
1092 2652 1279 2710 Mouumeuta
1296 2647 1430 2706 historica
1447 2645 1602 2706 slavorum

246 2739 275 2778 m
291 2739 314 2777 5
335 2763 342 2778 .
375 2763 383 2792 ,
454 2761 461 2777 .

591 2861 796 2930 GMLXXIII.
823 2861 916 2946 1457,
943 2861 1249 2944 17115111151555.

251 2983 484 3052 0515555Ρῇ
518 2983 587 3050 ΙΙΙ.
619 3005 646 3052 s.
676 2985 794 3051 ι755555
828 2988 865 3053 de
895 2983 1043 3053 Maroba'a
1073 2985 1297 3072 expeditiones
1320 2979 1542 3064 „octenni
1566 2982 1602 3048 in

248 3072 422 3159 Hunporia
445 3076 474 3138 ei
496 3070 646 3139 Bohemie
658 3073 882 3158 praedicaturo
897 3075 1036 3160 amplam
1047 3077 1235 3160 potestatem
1250 3071 1405 3137 adversas
1426 3069 1602 3136 baereticae

317 3159 508 3247 procedendi
530 3161 657 3243 5115555
678 3162 713 3226 in
734 3161 790 3226 boc
811 3164 930 3248 nepotio
953 3160 1132 3228 necessario
1154 3159 1345 3247 disponendi
1368 3158 1523 3225 coneedit.

313 3283 452 3352 Galistus
476 3283 539 3350 ΡΡ.
562 3283 620 3352 ΠΙ.
644 3281 776 3366 Dilecto,
799 3283 934 3353 salutem
956 3289 989 3352 55
1009 3283 1215 3370 apostolicam
1230 3281 1494 3352 benedictionem.
1520 3277 1604 3348 (ium

247 3391 304 3460 pro
327 3370 488 3439 nonnuliis
511 3371 627 3439 5551515
650 3377 682 3438 55
703 3370 868 3455 religionis
889 3371 1062 3440 christiane
1083 3371 1193 3440 arduis
1215 3370 1354 3456 negotiis
1377 3374 1411 3438 et
1427 3367 1604 3462 presertim

247 3464 357 3529 sancte
379 3459 519 3528 cruciate
541 3459 582 3526 ad
604 3463 711 3542 partes
733 3459 897 3543 Hungurie
919 3464 952 3525 et
973 3459 1125 3528 Bohemie
1146 3463 1181 3527 et
1203 3459 1283 3527 alias
1305 3458 1339 3524 15
1361 3457 1602 3542 presentiarum

248 3547 400 3619 mandato
422 3551 531 3613 nostro
553 3552 585 3613 te
608 3544 760 3626 conferas,
784 3553 820 3612 ut
843 3565 890 3626 ea,
907 3564 968 3630 555
983 3548 1023 3615 51
1039 3547 1191 3614 honorem
1205 3553 1239 3615 55
1253 3543 1481 3614 exaltationem
1496 3543 1604 3626 ipsius

248 3635 413 3718 religionis
437 3635 568 3713 551555,
603 3653 640 3699 55
674 3632 819 3700 51555155
852 3633 958 3701 iacere
988 3639 1021 3701 et
1050 3635 1163 3717 exequi
1185 3633 1298 3719 possis,
1323 3651 1387 3715 quo
1409 3627 1605 3712 amplioris

248 3722 338 3790 nobis
361 3727 394 3788 et
415 3722 491 3788 sede
515 3718 688 3802 apostolica
710 3719 808 3787 fueris
830 3720 983 3788 155515515
1004 3719 1162 3802 suffultus,
1180 3729 1290 3788 tenore
1306 3717 1509 3804 presencium
1525 3735 1606 3788 cou-

249 3807 388 3877 oedimus
411 3809 470 3874 tibi
493 3805 674 3874 facultatem
706 3812 740 3874 et
772 3812 962 3891 potestatem
985 3813 1050 3876 tam
1071 3809 1104 3874 iu
1129 3809 1223 3876 dictis
1245 3807 1365 3892 reguis,
1390 3823 1487 3890 quam
1512 3803 1603 3884 aiibi,

249 3893 304 3963 ubi
326 3895 385 3961 tibi
408 3893 622 3961 necessarium
652 3913 722 3961 esse
752 3893 920 3976 videbitur,
952 3895 985 3961 iu
1008 3914 1212 3980 5555555555
1234 3895 1394 3963 hereticos
1415 3891 1604 3977 inquirendi

207 4011 209 4015 ·
249 3989 283 4050 51
305 3987 415 4050 contra
437 3999 491 4048 eos
512 3981 702 4064 procedendi
723 3981 1002 4064 155555555511555
1024 4003 1062 4050 ac
1083 3984 1173 4068 penis
1197 3989 1231 4050 et
1245 3981 1414 4050 sententiis
1429 3979 1604 4063 condignis

250 4067 418 4150 afficiendi,
441 4087 558 4150 555555
587 4068 615 4136 51
645 4069 686 4136 51
717 4087 771 4135 cor
799 4069 904 4136 redire
936 4069 1095 4137 volueriut
1125 4075 1158 4137 et
1180 4069 1222 4138 ad
1250 4087 1361 4138 reram
1383 4068 1603 4152 coguitionem

250 4155 324 4223 fidei
348 4155 497 4236 conuerti,
521 4153 669 4222 abiurata
691 4155 826 4236 haeresi,
848 4155 1042 4242 absoluendi,
1066 4162 1098 4224 ci
1120 4157 1218 4225 etium
1240 4175 1313 4225 cum
1336 4156 1383 4225 eis
1406 4173 1506 4239 super
1522 4153 1604 4222 irre-

252 4241 476 4336 gularitatibus
496 4241 570 4308 iude
593 4243 762 4310 contractis
792 4242 1005 4330 dispensandi,
1035 4244 1224 4314 auctoritate
1256 4243 1432 4328 apostolica
1455 4242 1604 4310 concedi·

253 4348 324 4396 mue
357 4347 415 4412 per
448 4335 618 4411 presentes.
653 4330 697 4395 Et
727 4329 801 4413 5515
831 4335 958 4416 propter
990 4331 1170 4400 huiusmodi
1201 4331 1440 4400 commissiones
1471 4335 1603 4400 nostum

254 4417 360 4484 uarios
381 4421 414 4482 te
436 4416 614 4500 opportebit
628 4415 741 4486 subire
762 4417 899 4502 iabores,
921 4419 963 4487 ad
986 4437 1040 4486 eoa
1062 4418 1232 4488 leuandum
1254 4419 1458 4488 concedimus
1474 4417 1546 4500 tibi,
1567 4421 1604 4484 ut

257 4506 295 4572 dc
318 4503 427 4570 ordine
449 4507 504 4570 tuo
526 4501 645 4588 eligere
674 4505 776 4588 possis
807 4523 878 4572 eum
900 4524 1065 4575 numerum
1094 4506 1239 4592 botrum,
1262 4505 1318 4592 551
1340 4506 1401 4575 tibi
1423 4505 1603 4574 necessarii

257 4591 325 4658 iore
347 4590 554 4673 videbuntur3
577 4596 610 4658 te
632 4590 800 4676 adportes,
824 4593 864 4660 ad
887 4611 966 4676 5555
980 4593 1196 4682 proficisceris,
1223 4598 1408 4678 sequautur,
1432 4592 1489 4678 qui
1511 4611 1603 4662 mau-

260 4679 342 4748 datis
365 4678 427 4746 tuis
447 4677 479 4744 iu
501 4677 646 4746 omuibus
668 4685 800 4764 pareant
830 4683 862 4750 51
883 4681 1108 4768 obtemperent.
1139 4683 1330 4754 1155155155
1351 4683 1468 4754 barum
1489 4685 1604 4752 tenore
