3410 5258
1429 6 1435 9 -
1459 6 1461 9 ·
1510 4 1701 193 η-τ--Ἶ

1699 211 1701 228 ι

1699 237 1701 260 1

257 489 429 556 omnesque
451 473 585 542 heredes
607 477 641 542 et
662 485 859 542 suoemmres
888 478 1014 542 nostroe
1044 473 1182 558 petimus
1203 477 1333 560 propter
1354 473 1458 542 Deum
1479 477 1515 542 et
1535 471 1602 540 einr

257 559 515 646 gloriosissimam
547 568 692 644 matrem,
722 565 759 627 ut
788 561 870 630 hanc
898 561 1118 630 inundationem
1139 565 1173 629 et
1194 561 1396 630 donationem
1418 564 1494 628 toto·
1508 577 1603 645 posse

257 652 490 726 manuteneant,
519 648 606 732 ipsos
638 647 754 715 batres
785 647 964 726 defendant,
998 653 1035 716 et
1062 650 1091 716 si
1123 647 1157 714 in
1179 648 1382 735 neoterium,
1411 651 1603 732 suggerente

257 733 397 820 maligno
418 734 542 818 spiritu,
572 735 657 818 quod
687 735 774 803 Deos
796 740 930 817 eredat,
953 736 1157 804 contraierint
1181 733 1281 818 aliqui
1303 735 1457 802 busdam
1479 739 1514 801 et
1534 751 1603 800 sue

256 837 420 888 omsorum
444 827 634 909 nostrorum
663 819 918 890 maledictionem
949 829 982 888 et
1002 821 1253 906 indignationem
1275 822 1346 900 Dei,
1370 820 1602 905 gloriosmmms

257 907 389 990 virginis
412 907 524 988 llario,
546 909 775 992 beatorumque
797 909 885 976 Petri
907 913 940 978 et
961 907 1055 976 Penii
1077 907 1293 994 apostolorum
1314 908 1384 976 eius
1405 912 1439 977 et
1459 911 1604 974 nocuum

257 995 414 1060 octatius
435 994 561 1063 celestis
584 995 671 1062 curie
693 1013 751 1063 neo
777 1013 840 1062 non
871 995 1223 1064 excommunicationem
1244 995 1360 1062 summi
1382 994 1544 1078 monton
1566 1012 1605 1062 so

256 1079 341 1148 lecto
362 1081 535 1149 incurrant
558 1083 677 1149 Datum
699 1082 733 1148 in
755 1081 880 1150 Baobar
901 1083 1054 1164 vigesima
1069 1083 1207 1152 secunde
1221 1082 1274 1150 dle
1290 1081 1408 1150 mens'e
1422 1080 1602 1162 Februmiiq

258 1185 340 1234 enno
362 1168 480 1234 domini
503 1167 672 1236 millesimo
694 1169 1004 1252 quadringentesimo
1026 1170 1396 1254 septuagesimoquartq
1419 1169 1481 1236 sub
1496 1166 1604 1251 sigillo

256 1259 365 1321 nostro
386 1255 580 1338 impendenti
610 1260 769 1322 consueto.
800 1253 979 1340 Stephanus
1008 1256 1185 1340 Francigne
1214 1254 1424 1324 cancellatim
1452 1255 1488 1324 iu
1510 1267 1604 1340 pree

256 1340 362 1408 missis
384 1361 428 1408 ex·
444 1339 575 1426 specieli
597 1341 815 1420 commissione
836 1343 937 1426 ipsine
960 1341 1117 1427 magnifici
1139 1342 1263 1410 comitis
1284 1343 1382 1412 Herm

322 1425 485 1511 (Sigillum
506 1445 638 1513 parvom
659 1429 775 1498 rubrae
795 1447 887 1498 cerae
908 1431 1120 1516 impressum.)

321 1529 366 1586 lix
384 1531 508 1604 original.
526 1531 555 1589 in
572 1531 690 1590 tebular.
708 1536 861 1589 conventus
879 1533 954 1590 lustr.
973 1533 1071 1590 minor.
1089 1533 1214 1590 hasten.
1232 1533 1262 1588 in
1280 1529 1400 1590 croatie

631 1705 758 1776 MOLV.
784 1707 878 1794 1474,
904 1708 945 1781 14
966 1705 1054 1793 dati,
1076 1707 1227 1797 Begnsll.

321 1831 494 1899 Commune
523 1831 708 1916 ragusinum
736 1833 805 1916 regi
834 1831 976 1902 Mathiee
1005 1831 1152 1900 nunciat:
1179 1826 1298 1910 ‚Bassa
1322 1827 1479 1898 bomem
1503 1826 1601 1912 (Suli-

257 1917 631 2002 marcommannis)
660 1937 733 1987 oum
761 1937 929 1988 numeroso
959 1923 993 1986 et
1020 1917 1127 1987 valido
1159 1917 1299 1986 mercica
1322 1917 1475 1986 dimissus
1496 1915 1602 1983 estin

256 2003 326 2072 loco
349 2005 432 2073 dioto
454 2005 655 2089 negandae,
677 2005 817 2074 distante
839 2027 860 2076 a
882 2005 1019 2076 Οοεεοιο
1042 2005 1157 2074 itinere
1178 2005 1302 2072 dierum
1325 2005 1432 2086 trium
1456 2006 1603 2088 expecta·

257 2091 407 2160 beterio
430 2090 575 2176 Scbopia,
599 2099 632 2160 et
652 2093 769 2162 deinde
790 2094 831 2162 ed
862 2091 1036 2160 Sitbnieam
1058 2093 1252 2160 uncturus
1273 2097 1360 2171 erst3
1383 2091 1458 2158 inde
1481 2103 1551 2174 qno
1569 2102 1603 2157 se

257 2195 475 2259 conseramus,
499 2180 690 2262 ignoramus.
714 2178 858 2248 Sitbnina
879 2179 968 2248 locus
990 2184 1049 2266 est,
1072 2197 1111 2246 en
1133 2197 1195 2262 quo
1217 2174 1279 2246 sibi
1293 2179 1471 2246 ostenditur
1485 2179 1552 2244 iter
1569 2173 1604 2241 in

256 2264 434 2346 Albaniam,
457 2265 490 2332 in
513 2265 662 2334 Boeinnm
685 2271 718 2334 et
740 2267 781 2334 ad
802 2267 942 2335 Danubii
964 2271 1080 2350 partes.
1104 2265 1217 2333 Posset
1238 2283 1365 2350 quoque
1384 2264 1460 2332 inde
1482 2261 1526 2332 ad
1547 2281 1603 2330 nos

256 2358 288 2420 et
311 2354 351 2418 ad
373 2351 444 2418 loca
465 2358 575 2420 nostra
595 2358 683 2422 recte
704 2372 740 2422 se
761 2353 814 2421 vie
836 2358 1050 2421 convertere.“

321 2453 446 2510 Gelticb:
472 2454 715 2526 Diplomemrium,
733 2473 761 2528 p.
789 2455 849 2512 eei.
876 2455 989 2512 Litteris
1016 2456 1051 2511 ln
1076 2454 1155 2510 Junii
1180 2454 1311 2523 reiorum
1329 2453 1405 2524 qued
1423 2452 1499 2510 facus
1519 2451 1605 2507 bem

258 2523 396 2580 Scutarim
415 2522 559 2581 obsidione
577 2525 699 2594 cinxerit,
718 2523 777 2592 sed,
795 2527 837 2580 uti
856 2525 954 2582 litteris
969 2526 1002 2582 14
1014 2525 1136 2595 Augusti
1147 2525 1303 2592 nunciatum,
1315 2523 1479 2650 nffm
1488 2535 1604 2648 Εἰπὲ,

259 269 322 333 284

1385 2592 1422 2650 ed.
1441 2607 1470 2665 p.

256 2591 391 2664 Sopbiam
408 2591 498 2662 rediit,
515 2594 564 2648 nbi
584 2599 704 2680 equanto
722 2595 855 2652 mniorem
873 2599 966 2666 potest
983 2607 1085 2720 ooffle
1122 2599 1134 2651 t
1152 2595 1329 2652 exercitum«.

255 2662 400 2719 Melonem:
420 2667 487 2718 Pion.
505 2681 668 2730 cuononem
682 2681 798 2734 pyum
815 2668 940 2720 Onosems
957 2663 996 2730 11,
1103 2705 1110 2720 .

496 2837 642 2907 MGLVI.
668 2837 761 2924 1474,
791 2837 830 2910 17
853 2837 1050 2924 bemmbrls,
1072 2838 1109 2908 ln
1131 2840 1241 2910 enemo
1263 2835 1357 2910 Novi.

256 2959 418 3028 Martinus
440 2981 540 3028 eomes
563 2961 601 3026 de
622 2960 885 3048 Fronpopooe‘bus
919 2963 1001 3046 ἱεραὶ
1022 2961 1131 3028 villam
1157 2960 1297 3026 θνίέαηιι
1318 2959 1507 3025 monestede
1529 2957 1604 3042 fro·

432 3056 516 3114 irem
538 3050 706 3128 minorum,
731 3049 872 3116 vicariae
893 3047 1027 3132 Rome,
1051 3049 1125 3114 olim
1148 3069 1169 3112 a
1190 3069 1223 3114 ee
1244 3046 1420 3132 mdptoao.

322 3171 347 3237 I.
371 3169 410 3238 N.
443 3170 509 3238 Nos
542 3170 700 3240 Martinus
732 3173 772 3240 de
803 3171 1067 3256 mmqopanibos
1100 3170 1207 3239 divine
1238 3169 1440 3238 oneratione
1473 3163 1602 3251 Segnis,

257 3256 366 3341 Veglq
389 3258 631 3341 Modmssieqne
653 3275 768 3325 comes.
791 3257 841 3324 ld
863 3263 1049 3342 perpetuam
1071 3258 1119 3326 rei
1141 3256 1335 3326 memoriam
1357 3256 1422 3323 Per
1435 3257 1604 3339 presentes

256 3344 471 3429 significamus
493 3345 608 3428 quibua
637 3346 768 3430 expedit
795 3345 950 3428 omnbus,
982 3345 1067 3429 quod
1088 3361 1146 3412 nos
1168 3345 1276 3414 divine
1297 3342 1406 3425 grecia
1428 3341 1605 3409 existemoe

256 3433 289 3497 in
311 3431 394 3500 bone
414 3433 552 3500 multato
574 3432 689 3500 mentis
708 3435 825 3517 nosne,
841 3434 1139 3514 considerantesque
1153 3432 1238 3514 quod
1253 3431 1390 3498 mondus
1404 3429 1466 3496 lete
1481 3426 1604 3495 aanor

256 3519 508 3602 concupiscentie
530 3534 598 3602 sue,
620 3523 851 3601 consequenter
881 3519 987 3586 divino
1018 3523 1260 3601 eternornmque
1281 3517 1377 3584 uncti
1399 3530 1522 3596 rmore,
1545 3531 1604 3598 pro

255 3621 364 3671 eorum
388 3605 584 3688 quibusdam,
616 3623 677 3689 que
708 3606 790 3672 bono
819 3607 912 3674 modo
942 3605 1191 3688 iustoqueinre‚
1214 3601 1481 3684 othoniensis
1505 3599 1605 3669 tennis

255 3693 461 3775 possidemus,
484 3691 614 3760 celestis
644 3691 778 3760 merceri
809 3693 981 3775 eumentes,
1008 3699 1044 3759 nt
1065 3691 1225 3776 prefertur
1247 3709 1326 3758 sens
1347 3693 1463 3774 mente,
1485 3686 1605 3756 ultim

255 3783 365 3845 nostre
386 3778 550 3846 voluntate
573 3779 838 3847 testamentaliter
865 3779 1009 3862 legamus
1031 3783 1064 3846 et
1086 3777 1263 3860 legavimus
1287 3775 1489 3856 monasterio,
1516 3773 1604 3857 quod

255 3883 312 3930 nos
335 3863 550 3932 edifioeuimns
572 3885 629 3950 pro
651 3865 755 3933 seluto
777 3871 886 3932 nostra
907 3870 1016 3933 sancte
1045 3864 1147 3932 Mauie
1173 3863 1317 3950 virginis
1340 3861 1507 3947 geruntus
1530 3859 1603 3940 Del,

255 3967 353 4034 prope
375 3957 513 4018 castrum
535 3957 676 4020 nmirum
700 3951 835 4036 Tersati,
859 3951 967 4020 villam
999 3952 1143 4032 timesne,
1167 3951 1208 4018 de
1230 3969 1294 4034 que
1315 3949 1480 4017 annuatim
1503 3963 1605 4032 qnos·

242 4037 387 4120 dunque,
410 4037 479 4104 Deo
501 4038 647 4124 donante,
676 4039 822 4120 visimus,
853 4044 979 4106 centum
1008 4037 1107 4106 libres
1136 4036 1259 4122 prolate
1281 4033 1418 4105 ecclesie
1437 4039 1473 4101 ot
1491 4043 1604 4101 moes·

254 4124 352 4190 sterio
374 4123 555 4190 beatissime
584 4125 719 4207 virginis
746 4125 891 4193 dedimus
921 4131 954 4192 et
984 4127 1106 4205 damus,
1137 4129 1271 4209 postque
1298 4128 1440 4190 nostrum
1473 4139 1516 4188 ex
1544 4121 1604 4187 hee

257 4207 327 4275 lnce
349 4211 513 4276 decessum
543 4209 660 4279 dietam
686 4209 795 4278 villam
825 4212 960 4279 Grisene
990 4217 1091 4279 totem
1120 4229 1158 4280 ae
1191 4209 1391 4294 integraliter
1420 4225 1493 4274 oum
1519 4205 1596 4274 reric

256 4295 401 4361 terminis
423 4299 456 4363 et
477 4297 572 4364 metis
594 4297 734 4364 eiusdem
760 4298 828 4364 sine
858 4297 967 4381 aliqua
996 4298 1209 4380 diminutione¹
1234 4315 1306 4364 oum
1328 4295 1473 4363 omnibus
1496 4294 1592 4360 servi·

255 4383 322 4466 ciis,
346 4382 550 4466 proventibus
584 4387 616 4449 et
648 4383 849 4468 uddtatrbne,
882 4403 944 4467 qne
977 4386 1017 4452 de
1051 4385 1121 4468 ipse
1152 4381 1230 4452 villa
1257 4385 1297 4451 ad
1320 4399 1380 4450 nos
1400 4379 1600 4464 spectabunt

256 4468 358 4546 Quam
381 4468 497 4552 sillem,
520 4475 556 4536 ut
577 4470 679 4552 magis
701 4469 833 4538 liberum
856 4477 889 4538 et
918 4471 1021 4537 tucius
1043 4489 1081 4538 eo
1104 4469 1263 4538 nicenus
1288 4467 1350 4537 hoo
1370 4472 1595 4536 testemonium

255 4563 397 4622 nostrum
419 4553 520 4635 fieret,
543 4556 677 4624 emimus
699 4575 719 4622 a
741 4575 892 4639 generose
914 4555 1081 4624 domicella
1095 4557 1288 4640 Mergereta,
1307 4573 1416 4623 sorore
1439 4553 1595 4637 quendem

256 4641 412 4725 magnifici
435 4642 559 4711 comitis
580 4641 804 4730 Bartholomei,
827 4649 983 4728 nepteque
1006 4649 1124 4728 nosue,
1147 4650 1242 4730 prout
1263 4644 1297 4711 in
1320 4641 1463 4712 eiusdem
1482 4640 1587 4710 litteri
