3406 5262
351 493 488 563 nccxr.
515 494 608 582 1433,
635 495 650 566 l
675 495 809 582 Aprilis,
832 495 1042 586 inpartibus
1065 495 1197 568 dronae.

104 618 280 702 Stephanus
306 617 420 684 Tortlco
453 638 510 683 raa
526 615 658 702 Bosnne,
686 639 722 683 ec
746 617 929 702 Hunparia,
955 639 1014 706 quo
1041 621 1221 704 onfnporat,
1247 620 1282 684 in
1309 619 1447 684 Bosnarn

9 761 11 812 ,
104 705 240 786 radians,
262 727 321 792 por
342 707 494 792 quosdam
516 704 646 770 statano
664 703 855 790 informatas
870 705 1017 770 bortatur
1038 708 1190 772 uicarium
1205 707 1329 772 Bosnac
1343 729 1368 774 s.
1385 705 1443 771 Ja-

103 793 221 876 cobum,
245 814 282 858 nc
303 795 454 858 novitates
476 792 511 856 in
533 793 725 858 monasteria
744 791 951 875 franciscana
974 793 1114 876 inducat,
1132 798 1303 879 profitetur
1325 814 1357 858 aa
1372 795 1447 858 veile

101 879 193 963 fidem
224 879 406 946 catholicam
439 879 604 962 defendere
633 885 687 944 etc.
710 880 813 964 ipsum
843 882 996 944 nicanum
1026 881 1149 964 incitat,
1179 887 1213 944 nt
1245 883 1279 944 in
1309 879 1448 946 Bosnanr

509 965 624 1046 redcat,
648 973 677 1030 et
699 966 853 1050 quaedam
876 973 1045 1050 componat.

170 1085 353 1171 Stephanus
376 1087 535 1168 Tnertlro,
559 1087 620 1154 Dei
645 1087 753 1170 gracia
775 1105 830 1154 rex
851 1087 975 1172 Raecio,
998 1088 1122 1164 Boaris,
1144 1087 1367 1170 Maritimeque
1388 1091 1447 1154 etc.
1518 1089 1519 1092 ’

103 1175 379 1241 Βοοοτοοᾱίοοίωο
401 1174 434 1239 in
457 1173 583 1241 Christo
604 1175 687 1257 patri
711 1175 838 1242 domino
860 1175 980 1242 iacebo
1003 1176 1042 1241 da
1057 1173 1161 1253 Italia,
1178 1175 1297 1242 ordinis
1313 1173 1446 1240 instrum

103 1262 270 1344 minorum,
292 1266 494 1328 acromncte
526 1261 681 1344 scripture
711 1261 912 1343 medicatori,
943 1262 1045 1328 amico
1076 1265 1184 1326 nostro
1213 1262 1385 1339 carissimo,
1416 1261 1449 1324 in

104 1347 220 1500 spiritu
242 1353 352 1414 sancto
375 1349 587 1500 ‹lomnimodam
617 1347 754 1414 salutem
777 1367 848 1414 cum
871 1347 1031 1415 amicabili
1061 1348 1193 1416 caritate
1212 1367 1274 1415 non
1297 1349 1449 1414 reddente

103 1452 420 1516 mmmmd

167 1521 444 1588 &recentissime
466 1523 564 1603 pater.
589 1519 754 1587 Altiesimo
776 1521 835 1588 deo
859 1525 950 1608 teste,
974 1526 1029 1588 tue
1051 1520 1252 1606 paternitatis
1274 1521 1397 1605 pridem
1417 1520 1450 1585 in

104 1625 202 1688 regno
225 1613 333 1673 nostro
356 1607 510 1674 adventus
532 1625 594 1672 nnn
617 1605 779 1691 displicuit
810 1608 909 1684 nobie,
933 1609 1089 1676 abaciam
1118 1607 1179 1674 hoc
1201 1608 1281 1674 bene
1303 1608 1449 1686 noscitis;

104 1694 177 1760 inde
200 1695 369 1761 maumetis
392 1693 482 1760 robis
504 1691 665 1774 aliquibus
699 1694 810 1760 diebus
841 1695 875 1759 in
906 1701 1014 1761 nostro
1047 1713 1155 1796 regno²
1179 1693 1265 1780 (nos)
1288 1694 1450 1760 informati

107 1789 181 1847 sera
204 1799 264 1864 par
286 1781 438 1862 quosdam
469 1781 638 1862 magistros
670 1799 708 1846 ex
730 1779 882 1863 religione
905 1787 1021 1860 vestra,
1044 1783 1227 1848 duxeramus
1249 1781 1291 1848 ad
1312 1785 1450 1847 vernam

105 1867 332 1950 paternitatem
362 1867 481 1934 seriose
511 1865 625 1948 dicere,
657 1887 696 1934 ne
726 1867 940 1951 inciperentur
970 1888 1027 1950 per
1056 1887 1112 1934 vos
1141 1869 1175 1933 in
1205 1867 1314 1934 eodem
1343 1875 1452 1933 nostro

105 1972 214 2035 ragno,
239 1972 300 2035 que
324 1973 424 2034 usquo
447 1952 540 2019 modo
563 1971 626 2019 non
657 1953 785 2020 inerunt
807 1973 863 2036 per
893 1955 1015 2036 priores
1037 1961 1165 2022 sanctos
1186 1959 1309 2021 rastros
1334 1953 1450 2021 iratres

105 2045 229 2106 amiras
253 2045 378 2120 exorta;
404 2059 458 2106 vos
480 2039 520 2105 ob
543 2039 602 2104 hoc
624 2039 768 2106 forsitam
789 2041 890 2108 mains
907 2060 963 2123 par
978 2045 1102 2108 nostros
1118 2041 1263 2106 inimicos
1278 2041 1449 2122 adhortati,

106 2127 138 2191 in
160 2127 211 2193 ira
234 2129 274 2192 de
296 2145 394 2208 regno
416 2131 525 2192 nosue
548 2127 733 2193 secessistis,

169 2213 265 2279 Nunc
287 2222 404 2294 autem,
434 2219 543 2278 sancte
574 2217 674 2296 pater,
704 2218 736 2278 et
766 2213 1054 2298 quamplurimum
1079 2212 1316 2296 indisplicenter
1338 2213 1452 2280 scenti-
1477 2264 1482 2290 ,

106 2318 186 2378 mus,
211 2318 268 2366 vos
290 2305 357 2365 tam
379 2297 525 2381 maleque
547 2300 693 2382 pessime,
711 2319 844 2367 noanon
867 2301 1027 2367 bominem
1044 2300 1251 2366 christianum
1268 2303 1453 2384 reputando,

107 2387 167 2452 nisi
191 2405 289 2468 quam
311 2405 470 2472 paganum
492 2405 549 2469 per
571 2386 835 2453 christianitatem
858 2386 1025 2454 diffamare
1048 2405 1172 2470 quoque
1194 2387 1351 2468 indicatis,
1370 2389 1453 2468 quod

107 2474 202 2540 absit.
227 2474 440 2551 Quamobrem
471 2471 685 2556 supplicamus
716 2474 880 2540 humiliter
909 2479 1012 2540 vestre
1046 2475 1230 2557 paternitati
1253 2474 1369 2540 intuitu
1393 2475 1454 2538 Dei

107 2559 501 2643 omnipotentis'revenire
523 2559 565 2626 ad
587 2577 644 2626 nos
660 2561 840 2644 cupiemus;
864 2580 984 2644 nosque
1008 2560 1150 2628 exultare
1174 2579 1278 2627 coram
1297 2579 1342 2644 se,
1358 2566 1454 2642 atque

107 2653 241 2726 tesbon,
265 2665 322 2728 per
344 2665 424 2728 qnos
445 2663 555 2712 sumne
577 2646 696 2713 inducti
720 2648 752 2712 in
776 2646 840 2714 talc
863 2646 1055 2720 scandalum,
1072 2647 1100 2714 si
1115 2665 1194 2728 opus
1213 2647 1341 2730 inquam
1357 2647 1455 2712 tuerit

106 2751 224 2818 ponam
248 2751 299 2800 me
322 2733 522 2799 inmeritam
554 2731 689 2816 culpam,
721 2735 896 2800 sinautem
921 2735 1061 2817 ipsorum
1084 2733 1261 2818 (detegere)
1288 2733 1455 2798 veritatem

106 2821 152 2886 rei
176 2823 319 2886 rastrum
339 2818 477 2887 officium
493 2823 551 2885 est.
566 2818 597 2884 N
598 2839 642 2902 os,
659 2820 930 2887 honorandissime
946 2826 1045 2904 pater,
1061 2839 1123 2886 non
1139 2822 1227 2886 tedet
1243 2839 1296 2886 vos
1312 2825 1455 2886 nostrum

106 2907 138 2972 in
169 2925 307 2988 regnum
328 2905 423 2973 fidem
452 2923 616 2971 romanam
637 2907 801 2990 predicare
831 2907 932 2987 modo,
955 2925 1028 2991 ymo
1051 2911 1084 2971 et
1116 2925 1174 2973 nos
1209 2903 1352 2972 volumus
1373 2907 1456 2972 hanc

107 2994 271 3072 adiuvare,
309 2992 431 3075 (quem)
469 2993 587 3074 ubique
624 2991 794 3074 (volumus)
831 2993 950 3060 habers
988 2993 1265 3076 (commendatum)
1304 2999 1454 3074 tanquam

109 3079 289 3162 (ricarilnm
313 3085 346 3145 et
367 3079 503 3146 amicum
527 3079 723 3146 carissimum
746 3097 816 3146 cum
840 3081 949 3146 debita
970 3079 1150 3146 dileccicne.
1177 3079 1211 3144 Si
1234 3099 1309 3144 vero
1331 3097 1455 3145 recusa-

108 3167 220 3233 veritis
242 3167 479 3248 predicasset,
502 3165 621 3233 factum
643 3165 751 3234 sciatis
772 3166 833 3233 hoc
854 3167 887 3232 in
910 3185 1048 3247 munere,
1072 3166 1104 3230 iu
1127 3165 1183 3232 tali
1217 3185 1252 3231 re
1275 3164 1474 3237 nullatenusl

53 3282 55 3292 ·
107 3253 255 3320 volumus
285 3252 332 3318 sic
362 3253 563 3334 pertransire,
594 3270 667 3334 ymo
696 3255 807 3320 amodo
838 3253 878 3319 ad
909 3253 1028 3320 curiam
1058 3271 1220 3318 mmanam
1251 3251 1387 3335 (aliquos
1418 3258 1477 3317 erl¹

109 3340 240 3420 pesnis)
273 3338 467 3406 intendimus
496 3339 665 3424 destinare,
696 3357 815 3422 nosque
846 3338 1025 3407 tatalibus
1048 3357 1242 3421 expurgar03
1265 3356 1478 3404 recommenl

108 3425 216 3494 dando
239 3445 296 3492 noa
318 3426 434 3492 rastris
457 3426 520 3509 piis
541 3426 744 3492 orationibus.

144 3531 298 3683 .θεῖῗὲ
319 3530 352 3596 in
374 3531 517 3614 partibus
539 3531 656 3597 nostris
688 3529 792 3596 Uzore
815 3529 918 3612 primo
942 3530 993 3597 die
1016 3528 1135 3597 mensis
1157 3527 1275 3613 Aprilis
1298 3547 1379 3595 anno
1403 3529 1456 3594 do-

110 3635 189 3684 mnu
302 3669 310 3684 .

172 3737 220 3822 Fu
238 3737 365 3820 original
383 3737 412 3820 in
429 3736 548 3820 tabulas.
561 3741 728 3820 ‘conventus
755 3737 830 3791 fratr.
858 3737 955 3792 minor.
974 3735 1050 3818 della
1068 3735 1151 3792 Nova
1170 3735 1308 3861 blangobd
1330 3735 1458 3817 Sigillum

109 3815 374 3934 distiti?
387 3806 1124 3932 tltaliaadutattttatidtadtffl
1140 3822 1213 3876 ¹⁰⁹⁸
1254 3805 1367 3876 epam
1385 3821 1458 3874 ‘⁰³¹⁵

423 4050 578 4119 nocxfl.
606 4049 699 4136 1433,
723 4051 764 4120 33
787 4049 997 4138 Septembris,
1020 4049 1150 4121 itomaa

176 4173 342 4258 Eugenius
373 4173 436 4241 ΡΡ.
466 4173 521 4239 lV.
555 4173 709 4257 approbat
738 4175 844 4240 omnia
876 4171 1042 4255 privilegia
1069 4193 1088 4239 a
1121 4173 1223 4240 Joane
1252 4171 1313 4238 ΡΡ.
1349 4171 1457 4236 XXII¹

117 4260 245 4328 Urbano
277 4261 340 4328 ΡΡ.
370 4261 420 4340 V.‚
455 4259 586 4328 Urbano
616 4259 679 4324 ΡΡ.
711 4261 776 4338 VI,
809 4261 946 4326 Martino
976 4259 1038 4326 ΡΡ.
1069 4259 1106 4324 V.
1137 4259 1290 4325 iratribus
1324 4259 1459 4324 vicariae

117 4346 237 4414 Basnm
260 4347 337 4413 olim
360 4366 525 4430 concama3
548 4347 678 4430 insuper
697 4347 794 4423 addit,
810 4347 894 4428 quod
910 4345 1032 4428 possint
1050 4347 1100 4427 „in
1116 4345 1155 4411 de
1170 4345 1333 4424 Harabkh,
1350 4343 1458 4424 Aleae,

121 4432 244 4518 3babol,
267 4433 437 4516 Korinum,
460 4435 577 4518 Harsa,
602 4432 718 4514 Orsua,
741 4434 884 4514 Kawesd,
901 4431 1007 4514 (iberi,
1024 4431 1122 4498 Sebes
1138 4437 1171 4497 et
1186 4432 1343 4516 Haczach,
1364 4433 1458 4496 terris

179 4609 187 4641 ¹
205 4605 280 4660 Cum
297 4605 368 4660 hora
385 4604 587 4660 undecima...
606 4605 672 4660 Dat.
690 4605 828 4660 Ariniona
846 4605 874 4660 X
892 4605 948 4660 kal.
965 4604 1114 4660 Novembr.
1136 4621 1180 4658 an.
1199 4603 1251 4659 VI.
1270 4601 1354 4676 Apud
1378 4601 1460 4660 Wad-

129 4673 200 4746 'inpz
217 4675 321 4732 Annal.
341 4675 438 4732 minor.
456 4679 522 4732 tom.
540 4673 592 4743 VI,
611 4673 709 4731 adara
729 4675 805 4730 1321.
