3428 5256
10 9 196 300 Γ

126 465 365 552 quampr'nuum
387 465 551 535 commode
580 465 702 550 poteris
724 463 937 550 personaliter
967 465 1118 535 amedeus
1139 453 1255 534 babes
1277 463 1413 536 rebelles
1435 467 1476 536 ad

128 559 162 622 te
183 554 321 624 advoca
343 557 376 621 et
398 571 456 638 per
477 569 627 621 censurae
650 569 829 636 compescas
853 573 873 621 a
895 551 954 620 tali
975 551 1147 621 rebellione
1162 557 1195 621 et
1209 553 1380 623 temeraria
1393 553 1476 623 loco·

127 655 201 707 rum
225 641 440 744 occupatione.
462 639 667 744 indulgemus
697 645 845 742 preterea
875 643 909 707 et
930 638 1137 744 declaramus,
1160 646 1196 707 ιιι
1218 659 1276 723 pro
1298 637 1422 744 meliori
1444 647 1477 710 et

127 725 864 916 rdffldelitdldtdeltrudr
879 725 1259 882 reditreddit
1268 727 1378 899 litt
1382 729 1478 899 idn

129 901 227 970 altari
249 899 336 986 parti
356 920 414 987 per
442 905 475 968 te
505 901 724 969 adiudicandis
755 899 806 968 rel
835 899 1056 982 attrlbuendis,
1086 901 1154 969 sive
1175 901 1215 968 de
1238 901 1382 972 terminis
1404 921 1478 986 pro·

128 989 230 1057 vintie
252 993 286 1056 et
307 989 479 1057 commodis
493 987 604 1056 usibus
619 988 739 1072 queatis
754 987 806 1056 vel
820 987 1064 1057 auomritatibus
1078 987 1317 1072 quibuscunque
1333 987 1478 1058 decidere

128 1079 165 1145 et
185 1075 410 1156 determinare,
434 1080 490 1143 aut
508 1075 687 1160 provintias
708 1073 782 1144 illus
803 1073 944 1144 dividere
967 1079 1023 1142 eut
1044 1075 1135 1143 unire
1156 1079 1188 1143 et
1203 1078 1242 1144 ad
1259 1078 1353 1144 unius
1367 1077 1480 1160 capitis

128 1163 275 1248 regimen
297 1164 454 1232 adducere
476 1181 515 1229 ex
536 1169 645 1230 nostra
667 1163 775 1232 valeas
804 1165 838 1229 et
860 1159 1032 1248 apostolice
1053 1161 1138 1229 sedis
1161 1163 1389 1231 commissione
1411 1163 1478 1232 llos

129 1269 219 1332 vero,
241 1253 279 1317 ut
300 1254 409 1317 nostra
430 1247 490 1316 hec
510 1249 609 1317 dumio
631 1249 784 1316 sortiatur
806 1247 954 1317 effectum
969 1298 976 1312 .
993 1298 1001 1316 .
1017 1299 1024 1314 .
1039 1249 1186 1317 omnibus
1207 1253 1240 1316 et
1261 1249 1396 1334 singulis
1418 1251 1480 1320 ira·

130 1337 236 1405 tribus
256 1337 291 1403 in
311 1335 381 1404 loco
403 1333 531 1404 'l'crsatl
554 1341 588 1403 et
609 1333 713 1419 Uegle
734 1333 907 1404 rebellibus
929 1335 1196 1404 commorantibus
1210 1341 1244 1404 et
1258 1337 1385 1422 utrique
1403 1333 1480 1406 Dal·

130 1424 231 1492 matie
261 1427 295 1491 et
322 1421 427 1490 Bosrm
456 1421 574 1491 vicario
604 1423 782 1508 ceterisque
814 1421 968 1492 frutribus
1001 1419 1231 1508 provinciarum
1264 1423 1479 1508 predictarum

131 1511 337 1596 presentibus
359 1511 393 1576 et
411 1509 528 1577 tuturis
557 1509 617 1578 sub
639 1529 722 1594 pona
752 1509 1082 1578 excommunicationis
1111 1507 1176 1582 late
1198 1511 1354 1578 sententie
1376 1511 1479 1596 preci·

131 1599 238 1684 pimus
260 1603 294 1665 et
315 1598 512 1678 mandamus,
540 1603 576 1664 ut
598 1595 752 1680 quidquid
781 1595 815 1662 in
847 1597 999 1681 predictis
1020 1595 1143 1678 feceris,
1167 1598 1320 1666 sulcaris
1341 1601 1375 1666 et
1397 1597 1481 1666 ordl-

132 1685 272 1768 nareris,
302 1685 372 1752 sine
400 1682 509 1768 aliqua
538 1683 787 1751 contradictione
809 1681 977 1751 observent
1008 1701 1045 1751 ao
1075 1681 1193 1752 famant
1222 1683 1395 1766 observari,
1419 1703 1481 1768 que

133 1773 670 1944 detinetdetinet
681 1771 1277 1927 determinaretur
1288 1789 1482 1928 interd

134 1947 214 2032 (non
236 1945 459 2030 obstantibus).

199 2047 245 2106 Ex
264 2046 388 2122 arigium
406 2047 436 2104 iu
455 2045 594 2104 tabulario
612 2063 691 2104 conr.
709 2063 732 2104 s.
749 2045 852 2105 Isidori
869 2047 945 2104 fratr.
962 2047 1061 2106 minor.
1078 2047 1108 2104 in
1125 2047 1203 2106 urbe.

493 2203 640 2274 MXLIV.
666 2203 759 2291 1462,
785 2203 824 2274 lt
848 2202 944 2284 Jultl,
966 2203 1124 2276 venetiis.

202 2327 393 2398 Oratoribus
414 2328 505 2398 ducis
526 2325 679 2412 Stephani
708 2328 926 2413 respondetur,
949 2328 1011 2413 ipsi
1033 2349 1053 2396 a
1074 2327 1206 2396 Venetis
1232 2332 1343 2396 corba
1364 2325 1486 2394 rmooe

138 2434 270 2498 ,omues
291 2415 459 2500 possibiles
481 2415 625 2484 farores“
660 2417 851 2500 praestitum
872 2415 923 2496 iri,
950 2417 1095 2499 quamvis
1117 2435 1180 2486 uon
1201 2415 1356 2498 dubitant,
1383 2413 1485 2498 ,quod

134 2503 168 2570 in
192 2522 319 2572 omnem
341 2521 449 2570 omum
471 2501 648 2585 prevalebit
670 2507 781 2572 contra
803 2501 908 2588 ipsum
930 2501 1096 2572 Tmcum.“

200 2606 315 2677 maso:
332 2605 440 2663 cneus
457 2605 496 2674 x,
513 2606 574 2663 mo.

457 2745 588 2813 univ.
616 2743 709 2828 rusa,
739 2743 779 2815 ro
805 2745 958 2831 unguen,
981 2687 1167 2834 sagium.

202 2865 355 2952 Methlas,
386 2867 571 2953 Hungariae
592 2886 658 2952 rex,
681 2867 766 2936 datis
788 2869 829 2935 ad
851 2867 1043 2938 Barthenses
1065 2867 1181 2936 litteris
1203 2866 1377 2954 profitetur,
1400 2870 1485 2952 quod

136 2973 196 3040 pro
217 2955 406 3024 mdimenm
428 2973 544 3024 corona
566 2955 666 3043 regni,
688 2973 751 3023 non
773 2953 876 3022 solum
898 2957 1158 3042 regni-proceres
1179 2950 1254 3038 ,sed
1269 2956 1367 3023 stiam
1380 2953 1484 3022 fidelis

136 3040 275 3110 illustris
295 3042 453 3126 princeps,
475 3044 506 3110 d.
531 3039 711 3126 Stephanus
733 3059 788 3109 rer
811 3041 966 3110 anias¹‘
989 3039 1173 3111 notabiliter
1195 3043 1395 3111 subvenerat.

202 3130 280 3199 Dat.
304 3128 471 3214 Saegedini
493 3130 527 3197 in
549 3129 631 3198 festo
653 3130 683 3198 b.
707 3129 872 3198 Iaurentii
894 3129 938 3196 ll.
961 3149 1044 3198 anno
1066 3131 1149 3200 dom.
1175 3129 1269 3197 1462.

201 3232 336 3291 Kotono:
354 3232 462 3290 Histor.
480 3233 564 3290 critic
582 3251 604 3289 r.
623 3231 752 3304 Hungar.
770 3239 838 3290 tom.
857 3229 939 3302 ΧΠ,
958 3249 985 3305 p.
1002 3233 1063 3289 543.

446 3372 591 3442 MXLVL
619 3371 711 3457 1462,
738 3371 776 3444 le
800 3369 1002 3456 Novembris,
1024 3370 1181 3442 Venetlls.

204 3493 386 3580 Stephanus
407 3497 471 3564 dur
493 3512 517 3564 s.
542 3493 645 3564 Sabae
667 3495 869 3579 conqueritur
892 3499 1003 3563 contre
1023 3512 1117 3562 suum
1138 3491 1240 3561 fllium
1256 3487 1486 3578 Vladislavum,

140 3579 195 3666 qui
217 3581 386 3650 discedens
415 3583 457 3652 ad
487 3583 712 3668 imperatorem
743 3581 918 3650 'lurcorum
947 3581 1090 3650 acusadt
1118 3597 1211 3648 suum
1241 3583 1372 3662 patrem,
1404 3579 1489 3660 quod

138 3669 244 3754 ipsum
268 3688 287 3736 e
310 3669 415 3753 patria
444 3669 611 3756 expulerit,
642 3668 796 3754 offertque
823 3675 956 3737 rubedo
978 3668 1174 3749 ducatorum,
1196 3667 1226 3733 si
1247 3663 1389 3734 eiusdem
1413 3663 1487 3733 sub-

139 3755 222 3824 sidio
244 3761 370 3841 partem
392 3755 514 3841 patriae
536 3757 675 3842 regionis
697 3761 877 3841 occuparet
893 3755 1071 3839 Imperator
1084 3753 1219 3838 requirit
1234 3753 1338 3820 medio
1352 3751 1489 3820 oratoris

142 3845 194 3912 sui
217 3862 238 3912 a
259 3841 340 3911 duos
363 3842 414 3910 rel
438 3843 577 3912 100.000
600 3845 669 3912 duc.
693 3841 744 3912 vel
766 3841 830 3911 tria
852 3847 974 3912 castra:
1000 3839 1196 3928 ,Corobocb
1220 3839 1369 3924 Micevaz,
1392 3837 1489 3908 Zaue-

141 3929 249 4014 dua',
273 3931 479 4018 obseruando,
502 3929 586 4014 quod
615 3929 673 4000 tali
703 3931 736 3996 in
766 3950 841 3998 casu
872 3929 1006 3998 daturus
1034 3929 1077 3997 sit
1105 3929 1174 4012 ipse
1197 3932 1320 4012 partem
1343 3925 1490 4012 propriae

140 4020 248 4085 terrae
270 4015 463 4096 Vledislavo,
486 4019 575 4085 dudo
597 4037 672 4086 vero
694 4017 855 4100 regionem
877 4015 1022 4085 illaesam
1049 4016 1269 4100 permissurus.
1293 4011 1379 4080 Petit
1403 4011 1491 4080 auxi·

141 4101 221 4170 lium
243 4103 277 4169 in
300 4103 501 4173 necessitatis
524 4123 610 4172 casu.
634 4104 753 4188 Refert,
775 4105 1000 4188 imperatorem
1023 4103 1198 4170 'lurcorum
1220 4119 1278 4186 per
1297 4119 1390 4168 suum
1405 4099 1491 4185 lega·

149 4195 212 4258 tum
234 4191 437 4275 prohibuisse
458 4191 520 4259 sibi
541 4190 729 4276 (Stephano)
752 4209 824 4258 cum
847 4189 995 4275 pontifico
1017 4195 1050 4258 et
1072 4188 1204 4256 Venetis
1225 4189 1419 4257 sociemtem.

203 4293 318 4364 Matio:
336 4293 444 4350 Listiuc
460 4293 498 4362 X,
516 4293 577 4350 uui.
595 4293 774 4366 Mponsum
792 4292 859 4350 ibid.
879 4311 904 4364 p.
921 4293 986 4348 229.

445 4431 609 4500 MXLVII.
636 4431 730 4516 1462,
756 4431 793 4504 ll
817 4431 1015 4518 Decembris,
1037 4423 1184 4502 tuderti.

207 4555 285 4622 Pius
308 4555 370 4622 PP.
401 4555 443 4622 Π.
475 4555 651 4636 Nicolaum,
680 4557 861 4640 episcopum
894 4555 1147 4622 Modrusienoem
1177 4553 1209 4618 in
1241 4565 1338 4636 regno
1368 4551 1492 4618 Boenaa

161 4642 231 4711 edis
252 4641 447 4729 apostolicae
469 4641 611 4729 legatum
633 4643 857 4730 destinaturi
881 4641 1059 4727 perscribit,
1086 4647 1141 4726 ,ut
1167 4657 1214 4726 ea,
1238 4637 1374 4728 quaein
1396 4637 1491 4714 certis
1623 4681 1624 4684 ι
