3410 5258
1 3 207 134 Γ,

1391 263 1452 326 283

107 465 265 536 incumbit
286 467 458 536 mivents:
481 467 566 552 quod
587 467 792 538 consideratis
822 469 926 537 anime
948 471 1055 536 nostre
1084 468 1321 553 progenitorum
1342 471 1376 535 et
1398 485 1453 552 pa·
1479 555 1481 561 Ι

106 558 237 622 rentum
258 559 439 622 nostrorum
468 553 571 624 salute
603 556 704 622 eniam
733 554 803 637 biis,
835 555 949 638 quibus
979 561 1120 640 tempore
1149 555 1215 622 vite
1236 554 1376 638 ipsorum
1398 574 1452 638 ps·

106 648 219 708 rentes
241 645 273 708 et
296 641 420 726 spatrui
442 641 545 709 nostri
566 646 757 710 tostsmeuto
780 639 921 709 eeclesiis
942 646 975 708 et
997 643 1037 709 de
1059 641 1151 708 bonis
1172 659 1282 708 eorum
1298 641 1349 724 pie
1364 639 1451 726 lega·

106 732 194 810 runt,
217 731 425 796 manutenere
446 731 481 794 et
502 727 676 811 adimplere
698 747 756 812 pro
777 747 871 812 posse
893 727 983 794 velle.
1012 728 1148 796 Psoinde
1171 729 1211 794 ad
1234 727 1452 794 universorum

106 813 262 881 noticiam
283 814 399 881 harum
420 813 505 882 serie
527 813 671 882 volumus
700 815 875 900 pervenire,
898 815 981 896 quod
1009 812 1190 898 spectabilis
1213 819 1246 879 et
1267 813 1452 896 magnificus

106 899 258 968 dominns
280 900 439 968 Martinus
460 902 501 968 de
531 903 642 970 eadem
664 899 864 985 Frangapau,
887 899 1036 968 similiter
1061 899 1171 984 Vegle‚
1189 899 1308 984 ¹Segnis
1331 909 1364 966 et
1387 901 1453 968 tto

106 987 235 1054 dussis
257 1005 372 1069 eomes,
395 993 547 1070 apatrnus
570 993 688 1069 noster,
711 989 848 1056 existens
869 1006 966 1056 sanus
988 992 1054 1053 tom
1076 1005 1207 1071 eorpore
1222 1005 1317 1070 quam
1335 991 1452 1067 mente,

105 1091 168 1158 pro
189 1072 295 1140 salute
316 1075 421 1141 anime
441 1092 499 1141 sue
521 1075 562 1141 ad
584 1073 735 1142 honorem
757 1075 819 1142 Dei
841 1073 1065 1159 omnipotentis
1079 1078 1112 1140 et
1127 1072 1264 1156 gloriose
1280 1074 1350 1140 eius
1366 1073 1453 1157 geni·

105 1160 198 1227 tricis
229 1159 330 1228 Maris
360 1165 393 1228 ot
423 1159 509 1228 beati
538 1160 708 1245 Freneisei,
741 1163 781 1228 de
810 1161 902 1228 bonis
930 1165 963 1228 et
984 1160 1234 1245 possessionibus
1255 1160 1317 1228 sibi
1339 1181 1359 1228 u
1381 1161 1451 1226 Deo

106 1245 246 1327 nolletis,
270 1252 336 1314 tam
365 1249 398 1314 iu
429 1245 585 1316 Vinodoio
615 1267 711 1332 quam
741 1246 821 1315 alias
851 1247 947 1328 dedit,
981 1247 1111 1315 donavit
1137 1253 1170 1312 et
1192 1247 1357 1326 consessit,
1378 1265 1452 1330 ymo

106 1333 173 1411 det,
197 1335 296 1402 donst
316 1337 350 1403 ot
370 1338 524 1418 perpetuo
547 1335 698 1416 concedit,
730 1335 882 1402 auxilinm
905 1338 1085 1417 quoquest
1107 1333 1299 1400 adiutorium
1321 1333 1452 1400 ecclesie

105 1419 204 1488 beate
225 1419 329 1487 Meris
357 1421 488 1502 virginis
519 1439 617 1503 prope
648 1425 787 1490 casuum
821 1419 944 1487 Terseti
967 1421 1096 1500 dietum,
1119 1439 1214 1504 super
1242 1419 1391 1501 Reeham,
1418 1425 1452 1486 et

107 1504 266 1573 iratribus
288 1507 390 1574 sandi
411 1507 571 1574 Frenoim
602 1507 642 1574 de
672 1507 877 1574 observantia
898 1507 1014 1574 vitorio
1035 1507 1139 1574 Bosne
1160 1505 1238 1573 inibi
1260 1525 1452 1574 commoran-

108 1593 198 1660 tibus
221 1611 279 1678 per
300 1593 505 1661 annuendam
528 1595 642 1661 summi
663 1593 820 1679 pontificis
841 1593 983 1678 prestitit
1004 1597 1038 1659 et
1059 1592 1143 1676 iecit,
1166 1599 1350 1677 prestatque
1372 1598 1404 1660 et
1419 1593 1452 1660 in

105 1686 273 1764 posterum
295 1678 380 1766 feeit,
404 1685 499 1762 prout
520 1678 645 1764 plenius
667 1680 846 1748 continetur
868 1681 900 1746 in
922 1679 1039 1747 litteris
1063 1680 1130 1746 suis
1152 1681 1320 1748 autenticis
1341 1699 1453 1762 super-

105 1766 182 1834 inde
206 1765 374 1852 oonieetis3
404 1784 461 1850 pro
491 1767 606 1850 quibus
635 1771 788 1851 quantum
818 1768 860 1834 ad
888 1785 936 1846 ea,
968 1785 1029 1850 que
1060 1767 1151 1834 nobis
1177 1768 1246 1851 ipse
1268 1767 1453 1850 magnificus

106 1871 216 1920 eomes
237 1851 396 1942 Martinus
419 1859 570 1938 epanuus
599 1859 707 1921 noster
736 1853 839 1922 adhue
867 1860 1009 1938 tempore
1038 1853 1103 1921 vite
1133 1873 1190 1920 sue
1220 1859 1451 1938 postmortem

106 1957 201 2006 suem
223 1937 408 2022 assignavit
431 1939 497 2006 sive
520 1958 582 2022 que
612 1941 711 2008 eciam
733 1945 805 2024 post
826 1940 991 2008 decessum
1014 1959 1106 2008 suum
1128 1941 1169 2008 od
1192 1958 1304 2007 monus
1327 1946 1452 2008 nostras

107 2025 332 2108 quoquomodo
360 2025 510 2094 devenire
539 2034 668 2111 possent
700 2033 733 2094 et
754 2028 931 2111 succedere,
956 2028 1010 2094 ubi
1032 2031 1215 2111 prenotntus
1239 2045 1343 2094 comes
1365 2026 1451 2094 Mer-

106 2113 197 2180 tinus
219 2110 345 2194 aliquos
373 2118 545 2196 proventus
573 2119 607 2180 et
636 2113 757 2182 reditus
786 2113 853 2181 eive
884 2113 1017 2180 servicis
1046 2113 1168 2196 pretate
1197 2111 1329 2182 eoeleste
1360 2115 1454 2180 beate

105 2197 213 2264 liaris
236 2198 369 2282 virginis
391 2205 426 2265 et
447 2198 598 2267 trabibus
620 2201 723 2268 saneti
752 2199 913 2268 Francisci
934 2205 1125 2266 testamento
1151 2206 1183 2267 et
1204 2199 1238 2265 in
1260 2217 1320 2266 sue
1341 2198 1453 2267 ultimo

106 2283 274 2352 voluntate
296 2285 426 2366 dimisit,
457 2291 515 2354 aut
545 2286 579 2352 in
608 2291 770 2371 posterum
802 2286 948 2367 dimittet,
976 2285 1180 2366 sifirmamus
1200 2287 1399 2353 concedimus
1421 2293 1454 2354 et

105 2372 147 2437 de
170 2371 329 2451 omnibus,
352 2371 435 2440 siout
456 2371 639 2456 peripsum
661 2373 808 2441 comitem
831 2373 1013 2454 Mortuum,
1038 2379 1206 2458 epauuum
1228 2377 1380 2458 nostrum,
1400 2373 1452 2456 pie

104 2455 226 2542 legatis
249 2458 388 2525 contenti
411 2477 530 2545 snmus,
552 2459 599 2525 its
621 2462 705 2543 quod
728 2459 833 2526 omnia
862 2464 895 2526 et
916 2458 1041 2542 singule
1062 2477 1121 2542 per
1143 2459 1206 2524 iarn
1229 2458 1331 2526 iatum
1353 2459 1452 2526 domi-

105 2563 184 2611 num
218 2545 368 2610 eomitem
401 2545 574 2614 Martinum
606 2547 783 2631 predictum
816 2543 948 2614 eoeleste
978 2547 1071 2614 beate
1099 2546 1200 2616 Mane
1236 2551 1268 2613 et
1300 2544 1454 2614 frutribus

104 2630 210 2698 saneti
232 2630 394 2699 Fraudsei
416 2633 456 2700 de
477 2633 679 2700 observantis
701 2633 816 2700 vicarie
838 2634 942 2700 Bosne
963 2633 1023 2717 pis,
1044 2637 1081 2700 ut
1095 2631 1296 2717 premittitur,
1321 2650 1452 2716 prosus

105 2723 138 2784 et
158 2717 314 2785 haedum
336 2736 465 2786 suorum
487 2719 664 2788 animarum
685 2719 798 2801 salute,
822 2719 863 2788 ed
884 2719 1036 2788 honorem
1062 2719 1122 2786 Dei
1145 2726 1177 2785 et
1199 2719 1268 2788 eius
1290 2717 1453 2802 gloriosis·

106 2803 189 2871 sime
210 2803 326 2870 metris
347 2803 448 2873 Meris
470 2803 587 2890 legata,
609 2807 733 2886 donata,
763 2811 859 2888 atque
881 2823 1030 2874 oonoesso
1052 2807 1120 2873 sive
1141 2807 1174 2872 in
1197 2811 1358 2889 posterum
1381 2825 1453 2874 eon·

106 2889 261 2973 sedendo,
286 2895 351 2958 tam
373 2891 406 2957 in
428 2892 580 2976 pecuniis,
610 2893 700 2972 vinis,
725 2891 837 2974 biudis,
865 2891 1096 2976 jobagionibus,
1118 2891 1203 2959 villis
1225 2899 1259 2958 et
1280 2893 1453 2976 possessio-

106 2977 203 3045 nibus
228 2995 323 3059 qnsm
345 2979 445 3046 seiam
467 2977 539 3046 aliis
563 2979 654 3047 bonis
676 2979 856 3061 mobilibus,
878 2979 1077 3062 argenteriis,
1100 2979 1293 3046 ornamentis
1312 2983 1346 3046 et
1360 2998 1453 3063 gene

105 3063 221 3131 reliter
244 3063 408 3146 quibusvis
429 3065 524 3134 rebus
546 3065 618 3134 eliis
641 3071 674 3134 st
695 3066 786 3133 bonis
814 3066 881 3134 suis
903 3071 936 3133 et
958 3067 998 3134 de
1019 3067 1086 3134 suis
1107 3065 1359 3150 possessionibus
1381 3085 1450 3150 pro·

105 3150 311 3221 venientibus
343 3158 556 3235 manutenere,
589 3171 774 3220 conservare
807 3157 840 3219 et
872 3171 1067 3237 preservare,
1098 3153 1257 3236 seipsam
1289 3151 1453 3235 ecelesiam

105 3237 202 3306 beate
237 3236 340 3305 Maris
372 3238 505 3322 virginis
537 3243 570 3306 et
603 3241 689 3323 ipsos
718 3239 833 3308 iratres
863 3240 965 3306 saneti
994 3239 1155 3308 Francisei
1184 3239 1225 3305 ds
1250 3239 1453 3308 observantia

105 3323 228 3392 visuris
250 3323 355 3392 Bosrm
377 3325 417 3392 ab
437 3325 584 3394 omnibus
605 3326 840 3411 impetitoribus
862 3331 929 3393 toto
951 3345 1046 3411 posse
1066 3332 1174 3394 nostro
1188 3332 1222 3394 et
1236 3332 1344 3392 eontra
1359 3345 1453 3410 quos·

105 3409 154 3478 vis
177 3409 264 3478 bauo
286 3409 430 3478 ultimam
453 3413 656 3480 donacionem
677 3411 849 3496 infringere
871 3413 1008 3482 nitentes
1025 3431 1061 3480 se
1088 3411 1265 3495 sublevare,
1280 3411 1451 3482 defendere

104 3505 138 3566 et
159 3501 333 3582 protegere
348 3496 510 3584 volumus3
533 3499 682 3582 pecunius
704 3506 812 3567 entem
827 3505 860 3566 et
875 3499 1033 3584 victualis,
1049 3518 1128 3582 quas
1143 3504 1175 3566 ot
1190 3519 1252 3582 que
1267 3505 1453 3584 prenotetns

104 3583 255 3652 dominus
289 3601 395 3652 comes
430 3585 589 3654 Martinus
621 3591 775 3670 apstruus
810 3590 919 3654 noster
954 3605 1012 3670 pro
1049 3586 1274 3654 reformatione
1310 3585 1454 3669 predicte

105 3670 244 3738 soeiesie
265 3674 298 3737 et
320 3673 550 3739 sustentatione
571 3671 706 3740 fratrum
724 3673 842 3740 ibidem
865 3673 933 3740 Deo
955 3671 1180 3742 tendandum
1202 3686 1298 3758 super
1319 3673 1453 3752 Baehar,

105 3755 215 3825 Bribir
237 3762 272 3824 et
293 3755 364 3824 aliis
387 3759 500 3826 saeuis
530 3759 597 3827 suis
619 3759 740 3827 dimisit
765 3763 800 3826 et
821 3759 995 3842 assignavit
1017 3778 1055 3826 ao
1077 3765 1232 3844 perpetup
1254 3759 1398 3828 fundavit
1420 3766 1454 3828 et

105 3843 329 3928 presumere
352 3843 424 3927 hiis,
447 3865 509 3928 que
531 3846 595 3914 iem
617 3847 657 3916 sd
679 3864 791 3913 manus
813 3851 938 3914 nostras
960 3847 1121 3930 assignate
1142 3851 1217 3912 sunt
1233 3851 1452 3928 postmortem

105 3948 208 4014 snam,
232 3935 290 3998 aut
312 3949 388 4000 casu
411 3949 473 4015 quo
494 3932 642 4000 devenire
664 3937 802 4016 possent,
818 3931 963 4002 volumus
979 3938 1011 4000 et
1026 3933 1240 4015 promittimus
1257 3952 1313 4015 per
1328 3938 1454 4000 nostros

106 4015 262 4084 officiales
283 4015 415 4101 reeoligi
438 4024 471 4086 et
492 4018 625 4087 odunni
654 4023 687 4086 et
710 4019 750 4086 ad
772 4037 885 4086 monus
913 4019 1054 4104 ipsorum
1075 4019 1239 4102 guardieni
1263 4025 1295 4088 ot
1317 4019 1452 4088 fratrum

106 4103 337 4187 predictorum,
366 4109 423 4172 eut
450 4105 592 4188 ipsorum
621 4111 869 4189 procuratorum,
893 4105 1007 4190 deponi
1039 4111 1072 4173 et
1104 4105 1260 4188 assignari
1288 4105 1452 4173 aunuatim

108 4188 239 4258 realiter
269 4195 303 4259 et
331 4208 403 4258 eum
432 4189 557 4274 effectu,
586 4193 838 4277 spondemusque
867 4193 936 4260 Deo
964 4197 998 4260 et
1019 4191 1088 4259 eius
1110 4191 1336 4276 gloriosissime
1359 4193 1453 4260 matri

113 4277 213 4344 Maris
235 4280 269 4344 et
290 4277 351 4345 sub
373 4277 477 4344 anime
498 4283 607 4346 nostre
629 4277 742 4360 salute,
758 4277 820 4346 fide
835 4297 960 4362 quoque
972 4283 1082 4346 nostra
1096 4277 1269 4346 christiane
1283 4279 1452 4359 mediante,

113 4363 1453 4536 tddd‘tttnttttttddttttrestitutit?,titt

113 4537 311 4605 uoneedeuds
335 4539 506 4624 prescripte
534 4538 666 4607 ecclesie
695 4539 789 4606 beate
819 4538 921 4607 Mario
951 4543 983 4606 et
1013 4538 1166 4606 iratribus
1189 4538 1308 4620 absque
1330 4539 1452 4605 subter-

117 4622 197 4708 'ugio
230 4631 265 4692 et
295 4624 456 4694 occasione
485 4625 665 4710 adinvento,
687 4644 746 4710 per
775 4645 833 4694 nos
863 4631 896 4694 et
926 4630 1051 4694 nostros
1073 4625 1240 4692 observare
1269 4630 1302 4692 et
1325 4630 1452 4712 tenere,
