3434 5272
1422 2 1712 419 *p

265 457 508 542 declaravisset3
538 461 662 526 tanturn
692 461 799 524 tamen
822 455 963 524 abluisse
984 462 1117 543 constat,
1146 461 1267 524 utnon
1289 455 1392 524 solum
1414 451 1617 540 provinciale

266 541 439 627 capitulum
472 548 562 610 extra
594 543 730 611 ditiones
759 545 933 646 maiestatis
964 553 1092 648 nostrae
1122 543 1324 646 celebratum.
1358 560 1471 610 uerum
1506 549 1619 610 centn

265 635 484 786 sitisti?
497 631 1618 802 siticititlllltlllt“stettlthlthtlrt

266 803 469 889 provincialis
491 803 610 871 electus
632 804 737 879 luerit,
772 823 834 870 non
857 805 926 872 siue
949 806 1086 873 evidenti
1109 805 1322 872 mentionatas
1344 802 1507 886 generalis
1530 803 1615 886 cupi·

268 891 383 958 tularis
405 891 678 958 determinationis
701 893 894 975 praeiudicio
913 896 946 958 et
960 891 1096 974 benignu
1112 910 1257 960 caesareo
1272 891 1379 976 regiae
1394 889 1617 972 requisitionis

265 977 497 1061 vilipendisse
525 977 673 1044 residuae
704 979 801 1044 etium
825 979 1004 1060 prouinciae
1026 979 1226 1045 detrimento.
1249 978 1329 1044 Cum
1352 983 1459 1043 sutem
1484 977 1615 1058 prorin·

265 1153 381 1236 quippe
413 1155 540 1216 nostrae
574 1152 680 1234 regiae
709 1151 862 1218 subiectis
895 1152 1077 1239 ditionibus,
1111 1151 1205 1236 longe
1235 1151 1343 1234 plures
1365 1169 1461 1232 quam
1484 1149 1520 1216 in
1544 1155 1617 1216 totu

265 1237 371 1304 Boane
394 1243 566 1304 conventus
589 1245 620 1304 et
639 1239 841 1320 monasteria,
857 1245 1083 1322 carnequenter
1098 1239 1196 1306 etiam
1212 1237 1334 1321 patrias
1350 1237 1407 1304 filii
1423 1237 1467 1304 ud
1481 1237 1617 1320 quaeris

265 1323 411 1392 obeunda
439 1324 547 1392 munis
576 1326 808 1394 numerosiores
842 1331 874 1392 et
902 1325 1095 1394 sufficientes
1125 1326 1258 1409 reperiri
1288 1326 1533 1410 dignoscantur,
1556 1341 1617 1391 nus

264 1429 341 1478 uero
363 1429 426 1493 qua
447 1430 503 1476 rex
521 1410 617 1478 etiam
633 1411 822 1494 apostolicus
837 1414 1000 1495 regulares
1014 1413 1193 1496 provincias
1207 1414 1292 1478 intra
1306 1411 1425 1479 limites
1440 1428 1616 1494 regnorum

265 1502 299 1564 et
321 1497 456 1564 ditiones
479 1503 660 1565 nostrarum
693 1499 862 1566 existentes
894 1500 927 1566 iu
956 1500 1023 1567 suis
1045 1499 1231 1582 privilegiis,
1258 1497 1401 1584 indultis,
1424 1497 1559 1566 statutis
1583 1503 1617 1564 et
1711 1527 1712 1530 ¹

228 1663 237 1679 υ
264 1584 543 1652 constitutionibus
564 1589 768 1651 manutenere
791 1586 971 1669 cupiamus:
996 1605 1034 1652 ea
1055 1591 1185 1670 propter
1204 1604 1262 1653 sos
1283 1591 1393 1654 tenore
1416 1586 1532 1653 hurum
1555 1583 1613 1652 be·

264 1672 360 1753 nigns
382 1668 477 1736 simul
499 1676 533 1736 et
554 1671 637 1738 serio
659 1671 822 1740 hortamur
844 1679 877 1739 et
899 1673 1107 1740 iurisdictiuui
1129 1679 1258 1740 nostrae
1273 1671 1425 1739 subiectis
1437 1671 1616 1739 clementor

264 1757 489 1824 committimus
511 1762 544 1825 et
566 1757 761 1840 mandamus,
792 1765 948 1840 quatenus
978 1761 1018 1827 ad
1041 1765 1176 1827 mentem
1198 1763 1296 1826 etiam
1318 1759 1616 1842 praementiunatae

264 1843 424 1927 generalis
446 1843 575 1928 capituli
598 1845 872 1913 determinationis
894 1853 926 1914 et
941 1847 1054 1914 datuti
1069 1847 1250 1913 ministrum
1265 1845 1503 1930 prouincialem,
1520 1845 1615 1911 cuius

265 1929 403 1997 officium
425 1930 667 2012 impedientibus
690 1931 849 2000 nonnullis
878 1935 962 2002 intra
983 1932 1102 2000 limites
1127 1951 1299 2016 regnorum
1321 1938 1354 2000 et
1375 1933 1535 2000 ditionum
1558 1936 1616 1998 no·

264 2024 404 2084 utrarum
426 2037 446 2082 a
468 2016 611 2100 pluribus
643 2020 734 2085 annis
766 2020 883 2086 nemini
912 2021 1035 2104 obtigit,
1059 2020 1118 2087 sub
1141 2021 1293 2087 iminente
1314 2017 1503 2104 provinciali
1527 2017 1615 2102 capi·
1711 2017 1712 2024 ’

265 2102 332 2170 tulo
354 2109 461 2170 restro
483 2122 522 2168 ex
544 2104 659 2172 nativis
681 2105 864 2188 Hungarias
887 2107 939 2174 rel
955 2106 1122 2174 Slavoniae
1138 2105 1213 2174 liliis
1227 2107 1467 2174 inconventibus
1485 2125 1615 2172 eorum·
1711 2191 1712 2194 Ἴ

264 2193 336 2258 dem
359 2191 399 2256 ad
422 2190 610 2276 religionem
641 2193 795 2276 susceptis
829 2193 947 2276 eligere
979 2213 1017 2262 ac
1045 2194 1139 2272 modo
1169 2193 1255 2260 fatae
1284 2192 1443 2276 generalis
1478 2191 1615 2276 capituli
1711 2261 1712 2274 ,

263 2277 520 2344 determinationi
550 2278 654 2359 quoad
687 2287 813 2346 caetera
843 2283 940 2348 etiam
973 2279 1124 2364 religiosa
1149 2277 1254 2348 officie
1276 2279 1494 2348 distribuenda
1518 2279 1614 2346 satis·
1711 2337 1712 2340 ,

262 2363 368 2430 fauere
391 2363 498 2429 velitis
522 2417 528 2430 .
555 2416 561 2430 .
588 2416 595 2430 .
619 2365 731 2432 Gratia
752 2367 785 2431 iu
809 2365 932 2451 reliquo
953 2373 1062 2434 nostra
1084 2367 1337 2450 caesareo-regia
1359 2367 1449 2434 uobis
1473 2365 1615 2450 benigne
1710 2387 1712 2434 ε

263 2451 414 2534 propensi
444 2457 617 2518 manentes.
652 2453 770 2520 Datum
801 2455 833 2519 in
867 2455 995 2522 civitate
1028 2457 1138 2521 nostra
1167 2453 1290 2522 Vienna
1318 2453 1468 2522 Aushiae
1494 2452 1550 2519 die
1575 2457 1615 2518 14
1710 2459 1712 2540 ξ

262 2537 380 2603 mensis
410 2537 597 2606 Novembris
627 2559 709 2604 anno
739 2541 866 2607 Domini
902 2541 991 2607 1707.
1024 2542 1184 2625 Josephus
1206 2561 1248 2610 m.
1276 2561 1306 2626 p.
1330 2559 1436 2609 comm
1458 2538 1615 2607 Nicolaus
1710 2541 1712 2590 ἓ

262 2622 429 2706 Illeshbzy.
452 2623 619 2693 Ladisluus
642 2626 799 2710 Hunyadi.

326 2743 395 2800 (iod.
413 2759 480 2800 msc.
507 2744 727 2802 adversariorum
754 2766 781 2818 p.
809 2748 836 2804 J.
862 2749 977 2806 islaris
996 2750 1029 2805 Ο.
1048 2767 1069 2804 s.
1089 2750 1187 2805 Frsnc.
1207 2748 1267 2803 libr.
1293 2747 1348 2803 111.
1366 2747 1414 2817 qui
1433 2750 1566 2802 servatur
1584 2745 1612 2800 iu

261 2813 386 2870 biblioth.
404 2831 518 2870 convsu.
537 2815 681 2870 Budensis.
1039 2843 1043 2854 ·

494 2989 838 3058 MOCCCLXXXVIII.
865 2993 957 3075 litt,
981 2993 1022 3064 26
1046 2993 1213 3078 Junuurii,
1237 2993 1367 3064 Romae.

261 3109 368 3177 Lucas
399 3110 511 3176 Notati
541 3111 724 3200 Royusiuus
758 3115 957 3181 constituitur
980 3119 1117 3184 vicarius
1139 3116 1329 3202 apostolicus
1350 3115 1386 3180 iu
1409 3113 1614 3179 &evenho

764 3201 936 3287 Huupurio
959 3205 1104 3270 australi.

327 3317 472 3384 Clemens
504 3321 567 3386 ΡΡ.
598 3321 653 3386 ΧΙ.
685 3323 809 3390 Dilecto
838 3323 903 3391 tilio
935 3327 1040 3394 Lucas
1061 3325 1178 3410 Natali,
1209 3325 1312 3393 electo
1338 3323 1531 3406 Balgraden.
1556 3321 1613 3388 Di·

262 3402 344 3470 lecte
365 3404 409 3470 fili
432 3405 568 3471 salutem
591 3413 650 3474 etc.
675 3407 793 3476 Christi
816 3411 957 3479 fidelium
980 3415 1063 3480 inter
1084 3416 1215 3481 flumina
1231 3413 1340 3494 bravi,
1363 3410 1448 3490 Sevi,
1470 3407 1613 3477 Danubii

261 3495 294 3555 et
316 3491 435 3558 Tibisci
457 3511 558 3574 usque
581 3495 621 3560 ad
644 3494 878 3564 Temesvariam
902 3503 990 3582 regni
1012 3501 1197 3584 Hungarias
1219 3499 1465 3568 inhabitantium
1489 3496 1612 3564 auima-

261 3595 331 3642 rum
354 3577 450 3678 saluti
473 3582 710 3680 procommissi
733 3585 823 3651 nobis
853 3586 1023 3670 pastoralis
1045 3587 1140 3654 olficii
1163 3587 1270 3656 debito
1293 3591 1425 3672 paterna
1448 3584 1612 3652 chanuto

261 3681 440 3764 prospicere
462 3671 634 3749 cuprentes,
669 3687 707 3736 ac
736 3671 776 3736 ds
806 3676 861 3739 tua
890 3675 1018 3760 pietate,
1049 3675 1214 3754 charitate,
1237 3674 1416 3760 prudentia,
1439 3671 1611 3748 industria,

261 3751 456 3832 rntegritate,
480 3751 646 3835 uigilantia
677 3761 709 3822 et
739 3757 915 3826 catholicae
944 3762 1106 3844 religionis
1129 3761 1197 3829 zelo
1219 3759 1391 3845 plurimum
1414 3760 1448 3824 in
1471 3757 1612 3824 Domino

260 3834 368 3936 confisi
390 3843 447 3903 etc.
470 3844 530 3904 etc.
553 3840 594 3906 de
617 3843 844 3910 uenerabilium
866 3846 1000 3914 fratrum
1022 3856 1203 3916 nostrorum
1232 3869 1257 3916 s.
1281 3864 1431 3915 romanae
1454 3843 1612 3912 oedesiae

261 3922 468 4024 cardinalium
492 3927 627 4008 negotiis
657 3933 878 4013 propagandae
907 3933 980 4000 fidei
1011 3938 1263 4019 praepositorum
1285 3932 1428 4017 consilio,
1452 3931 1501 3998 'le
1525 3931 1611 3998 rica·

261 4025 341 4086 num
366 4010 571 4112 apostolicum
595 4014 627 4080 in
650 4015 791 4083 ecclesiis
823 4019 1008 4102 Hungariae
1038 4023 1097 4090 sub
1119 4022 1258 4090 dominio
1280 4021 1457 4089 Turcarum
1479 4017 1612 4102 proprio

259 4100 387 4194 pastore
409 4099 557 4198 viduatus,
582 4100 667 4167 intra
689 4109 793 4169 tamen
816 4106 954 4174 confines
976 4126 1250 4192 supruexpressoa
1264 4108 1485 4190 consistentes,
1503 4109 1611 4172 aucto

257 4185 354 4248 rrtate
376 4184 559 4286 apostolroa,
593 4192 704 4253 tenore
734 4193 959 4274 praesentium,
992 4196 1211 4263 constituimus
1242 4201 1276 4264 et
1297 4196 1497 4278 deputemus,
1521 4191 1578 4260 sal*

257 4273 364 4369 tumen
387 4288 512 4352 semper
534 4291 566 4337 rn
589 4277 771 4357 praemissis
793 4281 980 4347 auctoritate
1003 4283 1254 4367 congregationis
1276 4285 1524 4350 memoratorum
1542 4297 1578 4345 ca

257 4354 421 4458 druuliam..
445 4357 633 4426 Mandantes
655 4367 823 4444 propterea
846 4367 965 4434 eisdem
988 4367 1110 4436 Christi
1124 4369 1273 4438 fidelibus
1287 4371 1320 4434 in
1344 4369 1464 4434 virtute
1479 4372 1582 4432 sancta

257 4441 466 4545 obedentiae,
488 4449 526 4511 ut
548 4445 594 4513 Te
615 4447 656 4514 ad
678 4449 902 4519 demandatum
920 4455 979 4522 tibi
1001 4474 1058 4539 per
1081 4461 1265 4539 praesentes
1287 4456 1461 4524 vicariatus
1483 4458 1582 4536 apost

257 4525 312 4592 hcr
331 4527 489 4632 officum,
504 4530 655 4634 illiusque
678 4535 813 4605 liberum
828 4541 1024 4622 exercitium,
1039 4543 1128 4611 iuxta
1144 4543 1327 4612 earumdem
1342 4546 1492 4608 tenorum
1514 4559 1582 4626 prat

258 4617 396 4681 sonuum
427 4625 581 4704 rscrprant
613 4626 646 4688 et
677 4624 855 4717 admittant,
889 4629 1012 4714 tibique
1045 4631 1078 4696 in
1106 4631 1253 4700 omuibus
1286 4632 1327 4698 sd
1350 4629 1435 4696 idem
1459 4627 1586 4696 oifiuiuu
