3428 5256
270 311 330 376 196

268 514 497 584 absolutionem
529 515 712 600 impendere
745 520 778 582 et
810 514 974 602 iniungere
1006 515 1214 600 penitentiam
1246 515 1431 596 salutarem,
1466 512 1611 600 ipsisque

268 606 422 689 omnibus,
453 601 611 670 diocesani
641 599 703 669 loci
734 608 767 669 et
787 603 907 688 proprii
929 604 1112 685 sacerdotis,
1135 604 1224 686 cuijus
1247 599 1408 670 licentiam
1430 620 1527 685 snper
1550 600 1611 666 boc

267 690 408 776 paschali
429 696 572 773 tempore
602 691 755 758 duntaxat
786 708 921 774 persone
942 690 1084 776 predicte
1109 695 1218 772 potere
1241 695 1417 773 oriantur,
1441 688 1517 756 licet
1539 705 1612 755 sam

267 795 329 845 non
351 779 500 859 obtineat,
531 795 625 862 snper
653 778 715 844 hiis
737 777 866 844 licentia
887 776 1069 845 nullatenus
1099 777 1260 860 requisita,
1284 777 1476 845 eucharistie
1499 793 1609 844 sacm-

263 870 407 936 mentum
428 865 618 942 ministrare,
649 884 686 932 ao
707 865 801 932 dictis
823 866 967 949 personis
995 865 1082 931 tertii
1113 865 1233 933 ordinis
1255 869 1288 931 et
1309 865 1611 932 confraternitatum

266 951 444 1036 hujusmodi
465 950 655 1034 illarumque
676 953 809 1036 singulis
830 953 864 1018 in
886 953 1070 1020 sinceritate
1091 950 1175 1036 fidei,
1198 955 1316 1020 virtute
1337 957 1447 1019 sancta
1474 967 1610 1018 romane

267 1037 400 1106 ecclesie
421 1056 459 1106 ac
480 1039 647 1106 dovotione
669 1046 778 1106 nostra
800 1044 832 1105 et
853 1059 1069 1108 successorum
1090 1044 1271 1107 nostrorum
1287 1057 1489 1106 romanorum
1503 1037 1612 1122 ponti-

266 1126 359 1194 ficum
381 1126 530 1193 canonice
560 1126 744 1194 intrantium
769 1128 1011 1208 persistentibus
1040 1126 1166 1210 plenam
1193 1127 1409 1194 remissionem
1438 1127 1471 1192 in
1494 1123 1612 1192 mortis

265 1211 402 1281 articulo
423 1212 530 1280 valeat
550 1232 608 1280 seu
629 1211 755 1280 valeant
777 1213 958 1300 concedere,
981 1213 1027 1280 ita
1047 1218 1164 1296 tamen,
1182 1214 1267 1298 qnod
1281 1213 1443 1282 confessor
1456 1233 1515 1280 seu
1530 1231 1608 1280 con-

267 1300 403 1368 fessores
425 1299 604 1382 hujusmodi
626 1301 666 1366 de
687 1299 759 1382 hiis,
783 1301 823 1368 de
846 1301 961 1383 quibus
975 1299 1072 1368 luerit
1086 1299 1180 1370 alteri
1194 1299 1368 1368 mdslactio
1388 1299 1614 1384 impendenda,

267 1387 425 1489 iamdictis
446 1388 588 1470 personis
609 1405 666 1471 per
693 1387 809 1488 ψεῖ
829 1389 1071 1490 supervixerint,
1088 1387 1155 1489 'vel
1176 1387 1310 1456 heredes
1331 1401 1614 1490 seuusnccessorss

267 1473 1615 1645 {bittit,tttttbtttttfflttttttt‘stuttdttt‘ttt

267 1668 402 1734 persone
423 1648 589 1730 utriusque
611 1667 704 1715 sexus
734 1649 853 1716 ordinis
883 1647 1031 1731 prelibati
1053 1655 1087 1716 et
1108 1647 1401 1718 confraternitatem
1419 1651 1488 1734 jam
1511 1647 1616 1716 dicta-

268 1755 348 1818 rum,
370 1754 428 1820 per
449 1735 627 1818 hujusmodi
649 1736 843 1804 remissionis
864 1737 1000 1820 gratiam
1022 1735 1227 1821 procliviores
1249 1737 1424 1804 reddantur
1438 1738 1480 1802 ad
1494 1733 1615 1802 illicita

268 1823 474 1906 imposterum
496 1823 727 1903 committenda,
750 1821 904 1903 volumus,
927 1824 1058 1906 quodsi
1080 1843 1213 1906 persone
1235 1823 1323 1890 tertii
1345 1823 1466 1891 ordinis
1488 1827 1522 1888 et
1536 1841 1614 1890 con·

269 1909 504 1978 fraternitatum
533 1911 746 1996 predictarum
775 1929 814 1976 ex
844 1909 1032 1978 confidentia
1060 1911 1254 1978 remissionis
1285 1909 1467 1994 hujusmodi
1501 1907 1616 1993 aliqua

269 1993 378 2064 lorsan
400 1997 641 2078 committerent,
665 2015 726 2080 quo
749 1997 790 2064 ad
811 1995 870 2064 illa
891 1998 1033 2082 predicta
1054 1997 1199 2065 remissio
1221 1996 1340 2065 nullius
1360 1999 1404 2065 sit
1417 1997 1542 2064 roboria
1560 1996 1615 2064 rel

268 2083 437 2165 momenti3
468 2083 614 2166 quodque
642 2103 775 2168 persone
804 2083 927 2169 prolate
954 2104 1012 2169 per
1044 2103 1141 2151 unum
1172 2103 1289 2153 annum
1319 2105 1339 2154 a
1368 2089 1523 2168 tempore,
1546 2103 1615 2168 quo

270 2171 478 2240 concessionis
499 2171 681 2254 hujusmodi
703 2170 849 2238 notitiam
879 2171 1059 2253 habuerint,
1081 2171 1215 2256 singulis
1237 2171 1336 2240 sextis
1357 2169 1455 2252 seriis
1477 2171 1616 2256 impedi·

271 2264 377 2326 mento
400 2265 543 2325 cessante
565 2256 718 2342 legitimo,
737 2259 890 2342 jejunent,
907 2259 935 2326 si
949 2259 1099 2343 predictis
1114 2259 1227 2326 diebus
1249 2279 1288 2326 ex
1303 2263 1451 2343 precepto
1467 2257 1616 2338 calade,

270 2345 412 2414 imancte
432 2345 614 2430 penitentia,
638 2351 711 2413 voto
732 2350 789 2413 aut
810 2345 891 2414 alias
910 2347 1055 2430 jejunare
1073 2351 1249 2426 teneantur,
1265 2365 1330 2414 una
1344 2346 1396 2414 die
1412 2344 1617 2430 singularum

269 2433 477 2516 septimarum
510 2433 650 2500 eiusdem
684 2435 768 2514 anni,
800 2451 863 2515 qua
895 2431 936 2500 ad
966 2435 1129 2518 jejunium,
1160 2439 1198 2500 ut
1225 2433 1432 2517 premittitur,
1458 2451 1524 2500 non
1546 2433 1616 2499 rint

271 2521 411 2598 astricte,
432 2521 585 2603 jejunent,
609 2525 642 2587 et
663 2519 692 2586 si
721 2520 806 2586 dioto
828 2539 910 2588 anno
932 2519 984 2587 rel
1006 2519 1112 2603 aliquo
1135 2521 1203 2604 ejus
1225 2526 1316 2605 parte
1338 2519 1446 2604 alique
1468 2522 1617 2604 ipsarum

271 2625 474 2694 personarum
497 2605 615 2674 fuerint
637 2607 796 2690 impedite,
819 2627 902 2674 anno
923 2609 1067 2691 sequenti
1089 2606 1140 2675 rel
1162 2608 1242 2676 alias
1268 2609 1503 2692 quamprimum
1524 2611 1617 2690 pote·

272 2699 357 2774 runt,
379 2693 557 2777 hujusmodi
577 2695 732 2778 jejunium
753 2695 847 2762 modo
868 2694 965 2761 simili
981 2693 1127 2778 supplere
1142 2701 1327 2778 teneantur;
1349 2714 1444 2780 porro
1460 2695 1488 2761 si
1504 2694 1616 2762 lorsan

272 2781 353 2850 alias
374 2779 566 2866 prelibatum
582 2781 735 2864 jejunium
758 2781 791 2848 in
814 2784 881 2848 toto
903 2782 955 2850 rel
976 2783 1009 2848 in
1024 2787 1114 2866 parte
1133 2782 1307 2866 adimplere
1322 2782 1485 2850 commode
1501 2781 1617 2865 nequi-

267 2869 386 2950 ¹verint,
409 2886 447 2934 oo
469 2883 544 2936 casu
574 2868 734 2935 confessor
762 2867 893 2936 idonens
918 2870 1074 2953 Jejnnium
1095 2872 1198 2954 ipsum
1220 2871 1254 2936 in
1276 2869 1342 2937 alia
1363 2871 1495 2954 pietatis
1517 2887 1619 2954 opera

261 2961 466 3024 'commutare
489 2955 602 3042 valeat,
626 2974 687 3038 que
708 2955 777 3040 pari
799 2957 892 3024 modo
913 2953 1087 3041 adimplere
1109 2956 1261 3024 debeant:
1284 2955 1423 3040 alioquin
1445 2961 1620 3042 presentes

273 3041 390 3126 littere,
413 3061 475 3126 qno
498 3044 539 3110 ad
562 3041 792 3109 concessionem
815 3041 958 3126 plenarie
980 3043 1174 3111 remissionis
1196 3063 1259 3128 quo
1285 3045 1327 3112 ad
1348 3041 1520 3128 implentes
1542 3063 1618 3129 pre·

271 3132 371 3198 missa
393 3131 547 3198 duntaxat
569 3127 688 3196 nullius
709 3129 775 3196 sint
796 3130 918 3198 roboris
940 3129 991 3198 vel
1006 3131 1166 3198 momenti.
1182 3131 1226 3196 Et
1240 3132 1378 3214 insuper,
1393 3131 1478 3214 quod
1502 3129 1620 3199 vicarii

270 3219 308 3285 'et
329 3217 370 3286 ab
393 3217 439 3284 eis
460 3235 518 3302 pro
539 3221 682 3300 tempore
704 3217 849 3300 deputati
871 3217 1004 3300 predicti
1019 3219 1061 3286 ad
1075 3237 1280 3304 persomrum
1294 3219 1511 3302 predictarum
1525 3219 1619 3286 tertii

274 3303 395 3372 ordinis
416 3303 596 3386 hujusmodi
626 3303 768 3385 regimen
797 3322 835 3371 ac
863 3305 1124 3384 gubernationem
1145 3305 1353 3388 presidentes,
1376 3305 1563 3374 ridtatorea
1587 3311 1622 3374 et

268 3389 354 3468 alios
376 3389 527 3458 officiales
548 3409 760 3474 quoscunque,
784 3397 878 3474 prout
899 3391 978 3476 ipsis
998 3391 1125 3459 sicariis
1146 3411 1183 3460 ac
1204 3392 1365 3476 deputatis
1386 3411 1445 3477 pro
1460 3393 1623 3461 dictarum

275 3495 479 3564 personarum
513 3479 687 3544 animarum
717 3477 821 3546 salute
850 3485 1061 3564 opportunum
1091 3477 1159 3546 fore
1192 3477 1360 3560 videbitur,
1394 3481 1566 3547 instituere
1590 3485 1625 3547 et

275 3567 439 3648 deputare,
470 3583 507 3631 ac
536 3565 635 3632 eciam
664 3563 739 3632 illos
770 3563 857 3632 nullo
877 3565 956 3648 juris
986 3567 1096 3632 ordine
1126 3571 1253 3633 serrato
1275 3567 1316 3634 ad
1338 3567 1482 3650 ipsorum
1505 3571 1624 3634 nutum

275 3651 450 3720 destituere
471 3657 505 3718 et
525 3669 688 3720 removere
709 3650 809 3718 libere
831 3656 865 3719 et
877 3651 965 3720 licite
979 3652 1115 3734 valeant,
1131 3656 1322 3721 auctoritate
1340 3655 1483 3735 predicta
1506 3659 1624 3722 tenore

275 3737 472 3826 presentium
493 3737 694 3805 concedimus
715 3739 835 3823 pariter
857 3744 889 3806 et
910 3739 1119 3823 indulgemus.
1145 3739 1298 3808 Volumus
1319 3746 1429 3808 autem
1451 3742 1538 3824 quod
1562 3761 1624 3828 per

277 3843 479 3908 quascunque
500 3823 625 3891 litteras
654 3823 843 3910 apostelicae
871 3827 1012 3909 generali
1044 3828 1189 3894 ministro
1216 3828 1294 3896 dicti
1316 3828 1437 3904 ordinis
1459 3828 1623 3896 minorum

276 3930 335 3996 pro
357 3915 499 3992 tempore
520 3911 668 3978 existenti
695 3931 754 3980 seu
783 3913 855 3979 aliis
883 3915 1100 3997 quoquomodo
1130 3933 1304 3990 concessas.
1337 3913 1390 3981 rel
1411 3915 1624 3997 imposterum
1707 3913 1709 3924 '

181 4022 183 4026 ¹
277 3998 493 4064 concedendas
516 4004 681 4080 presentes
702 3997 810 4068 littere
839 3999 1020 4068 nullatenus
1041 3999 1262 4084 intelligantur
1288 4007 1444 4070 revocata.
1468 4002 1543 4070 Non
1565 4003 1624 4071 ob

271 4085 434 4162 ‚stantibus
456 4081 557 4151 felicis
579 4085 808 4154 recordationis
830 4087 1002 4155 Clementis
1028 4108 1111 4171 pape
1134 4089 1236 4172 quinti
1259 4089 1495 4172 predecessoris
1517 4089 1623 4160 nostri
1708 4121 1709 4168 3

278 4176 312 4238 ot
334 4169 406 4238 aliis
428 4172 703 4240 constitutionibus
726 4179 758 4240 et
779 4175 1028 4244 ordinationibus
1050 4175 1242 4260 apostolicis,
1266 4196 1325 4244 nec
1348 4197 1410 4243 non
1432 4179 1566 4246 samue
1589 4181 1617 4244 et
1707 4185 1709 4229 ἐ

279 4257 559 4326 consuetudinibus
587 4261 730 4326 ordinum
761 4261 983 4344 predictorum,
1010 4264 1202 4346 juramento,
1233 4263 1472 4332 confirmatione
1495 4270 1627 4349 aposto

277 4343 340 4412 lica
362 4343 413 4413 rel
435 4345 546 4427 quavis
566 4343 715 4415 firmitate
738 4347 802 4416 alia
823 4349 989 4431 roboratis,
1012 4347 1187 4433 privilegiis
1209 4368 1336 4436 quoque
1358 4357 1391 4420 et
1412 4352 1617 4436 indulgentiis

279 4449 318 4500 ac
337 4427 454 4499 litteris
475 4431 656 4516 apostolicis
677 4433 878 4516 generalibus
907 4435 958 4502 vel
979 4436 1171 4522 specialibus
1193 4457 1452 4522 quorumcunque
1475 4443 1625 4507 tenorun¹
1706 4437 1708 4450 '

280 4517 426 4600 existant,
457 4537 514 4602 per
547 4537 608 4602 que
639 4519 837 4603 presentibus
870 4542 932 4589 non
962 4542 1112 4608 expressa
1144 4524 1196 4592 rel
1228 4525 1372 4594 totaliter
1400 4545 1465 4592 non
1498 4527 1625 4594 inserts

281 4603 412 4672 affectus
440 4623 548 4672 earum
576 4607 722 4689 impediri
752 4607 858 4676 valeat
888 4610 1123 4692 quomodolibet
1151 4611 1202 4679 rel
1231 4611 1346 4692 differi,
1380 4617 1414 4682 et
1442 4613 1483 4680 de
1506 4611 1612 4698 quibu

282 4709 477 4774 quorumque
507 4691 583 4761 totis
613 4693 774 4762 tenoribus
803 4695 948 4765 habenda
978 4698 1083 4765 sitin
1114 4699 1232 4768 nostris
1262 4697 1381 4769 litteris
1406 4701 1529 4770 mentio
1553 4720 1608 4788 spe
