3428 5256
220 222 284 290 260

221 427 295 498 aliis
316 427 434 498 nostris
463 427 581 498 litteris
610 449 760 514 expressa
790 435 866 499 sunt
887 437 920 500 et
949 449 1031 514 quae
1054 431 1114 499 tibi
1136 430 1233 500 uerbo
1255 429 1479 510 commisimus,
1503 431 1570 496 tam

221 519 306 604 apud
329 516 529 585 camsmmum
558 518 593 585 in
624 517 764 586 Christo
782 518 882 587 filium
911 523 1055 586 nostrum
1084 517 1280 604 Stephanum
1301 535 1412 600 regem
1432 516 1569 596 Bosnac,

222 623 318 690 quam
342 605 426 690 apud
457 604 590 674 dilectos
611 605 703 688 filios,
726 605 850 674 nobiles
872 606 958 676 viros
987 605 1037 674 sui
1059 607 1150 690 regni
1171 610 1204 674 et
1226 604 1306 674 alica
1327 605 1571 672 circumstantes

223 693 382 778 principes
404 695 437 760 et
459 711 621 777 proceres,
643 712 715 760 cum
737 698 847 762 exacta
869 691 931 761 fide
953 698 987 761 et
1009 691 1176 777 diligentia
1197 692 1421 776 prosequaris.
1442 741 1450 756 .
1468 695 1497 756 .“

288 779 393 858 Quum
415 784 546 864 propter
562 831 595 849 ..
619 781 696 848 Dat.
721 780 852 848 Tuderti
880 785 970 848 1462.
994 785 1013 847 3
1036 781 1079 850 id.
1101 779 1287 847 Decembris
1309 798 1360 846 an.
1384 784 1413 845 5.

223 865 545 1007 meIcsxtforrgzffiirg'stcr.
565 865 649 923 critic.
667 883 690 924 r.
707 865 837 937 Hrmgar.
854 870 922 922 tom
950 865 1033 936 XIV,
1050 883 1078 938 p.
1095 866 1156 923 501.
1173 865 1292 922 Parieti
1309 867 1358 920 D.:
1375 863 1479 938 Illyric
1498 877 1571 918 sacr.

283 977 290 991 .
353 977 361 1006 ,
400 977 407 992 .
479 977 486 993 .

746 1073 926 1142 MXLVIII.
951 1072 1045 1145 1462.

286 1198 426 1270 Mathias
447 1218 513 1281 rer,
536 1195 687 1267 Ladislao
708 1198 750 1266 de
771 1199 886 1280 Veacn,
910 1217 969 1268 suo
990 1199 1032 1266 ad
1053 1217 1080 1266 s.
1102 1197 1210 1267 sedem
1231 1195 1339 1280 legato
1361 1195 1447 1263 inter
1462 1199 1571 1264 cetera

222 1285 437 1370 murgiano
470 1285 529 1367 ,de
556 1305 656 1370 reguo
687 1285 822 1368 Bomac,
854 1287 938 1369 quod
967 1285 1121 1369 pertinuit
1150 1304 1276 1370 semper
1305 1287 1340 1352 et
1368 1281 1508 1368 pertinet
1530 1283 1572 1352 ad

223 1369 431 1457 Hungcrlam,
454 1373 580 1462 (iaciat)
609 1373 835 1458 improperium
857 1392 930 1440 cum
958 1372 1173 1440 moderatione
1195 1389 1319 1440 summo
1341 1369 1501 1456 pontifici,
1516 1369 1573 1452 qui

223 1460 306 1528 sorte
328 1479 386 1546 pen
406 1460 672 1532 madvertentiam
694 1459 773 1528 talia
795 1459 882 1548 facit,
906 1459 991 1544 quod
1013 1459 1082 1544 regi
1098 1459 1223 1528 Bosnae
1238 1461 1333 1528 datur
1348 1456 1466 1526 fiducia
1479 1475 1573 1542 sepa·

223 1547 316 1616 randi
338 1567 373 1614 sc
395 1549 435 1616 ab
457 1549 516 1617 hoc
538 1565 636 1632 regno
651 1599 659 1614 .
677 1599 684 1613 .
703 1552 730 1615 .“

286 1633 372 1705 Apud
389 1633 521 1691 Kotmtc:
539 1633 646 1690 Hister.
664 1633 749 1692 critic.
767 1650 788 1690 r.
807 1633 937 1706 Hungar.
955 1637 1022 1692 tom.
1040 1631 1121 1700 XIV,
1140 1649 1168 1704 p.
1185 1631 1246 1688 553.

691 1774 836 1842 mxcix.
863 1771 1099 1855 1462110100.

289 1895 438 1980 Methias,
469 1895 655 1980 Hungariae
683 1915 753 1978 rex,
784 1895 869 1964 datis
898 1897 940 1964 ad
961 1913 1119 1963 summum
1145 1892 1324 1978 pontificem
1346 1891 1474 1972 litteris,
1499 1910 1575 1959 con·

224 1982 378 2066 queritur,
402 1982 486 2066 quod
514 2003 540 2050 s.
568 1984 661 2051 sedes
692 1983 725 2050 in
756 2003 863 2066 regem
893 1983 1018 2049 Bosnae
1049 1983 1092 2048 sit
1121 1980 1346 2064 indulgentior,
1377 1998 1475 2064 quam
1500 1978 1575 2046 iura

224 2067 410 2151 Hungariae
432 2069 655 2152 admitterent3
678 2070 781 2138 multa
803 2071 877 2136 dein
898 2069 997 2137 refert
1023 2087 1105 2152 quae
1120 2068 1187 2152 ipsc
1209 2087 1266 2134 rex
1279 2067 1415 2148 Boenae,
1431 2066 1466 2133 in
1481 2085 1574 2151 prae·

223 2155 374 2222 indicium
397 2174 509 2239 rogum
531 2157 714 2238 Hungariac
743 2156 872 2238 fecerat,
905 2156 956 2224 sel
977 2122 1122 2223 obtinere
1143 2154 1353 2234 laboraverat,
1376 2155 1453 2220 dum
1476 2153 1576 2220 Saen-

224 2242 368 2310 drorium
392 2242 504 2311 Turcis
530 2243 721 2328 ,tradidit“;
755 2245 882 2310 cosdem
916 2243 1046 2327 ,tributi
1077 2241 1126 2308 sui
1149 2241 1299 2326 pensione
1321 2239 1440 2308 redidit
1463 2240 1578 2306 fortio·

225 2333 317 2415 res“;
342 2331 515 2416 „coronari
538 2332 571 2397 in
591 2349 689 2415 regno
704 2330 884 2398 confirmari
899 2349 937 2397 ac
951 2347 1104 2396 novorum
1119 2329 1356 2413 episcopatuum
1370 2325 1577 2395 fundationes

224 2415 314 2502 (sibi)
337 2417 480 2500 permitti
503 2419 638 2504 quaerit,
661 2423 695 2485 et
717 2422 821 2486 terras
843 2435 918 2486 suae
940 2415 1192 2486 ballistariorum
1215 2414 1383 2502 praesidiis
1401 2414 1576 2483 muniri...

225 2507 305 2571 stc.“
330 2505 451 2570 nititur.
836 2511 839 2516 '

290 2591 409 2658 Datum
431 2590 541 2658 Budas
566 2595 658 2656 1462.

287 2679 415 2733 Kotmou:
434 2677 542 2733 Histor.
560 2675 645 2734 critic.
662 2695 684 2734 r.
704 2675 801 2747 Hung.
819 2680 886 2732 tom.
905 2675 988 2746 XIV,
1006 2691 1034 2748 p.
1052 2675 1112 2731 394.

290 2919 438 3001 Mathias,
462 2920 646 3003 Hungariee
667 2939 732 2988 rex.
756 2814 1117 3005 prfficmffii‘gusinis,
1139 2938 1175 2987 sc
1198 2938 1254 2988 eos
1279 2919 1367 3002 ,regi
1389 2917 1577 2986 Burnus-et

225 3007 298 3076 duci
321 3009 359 3092 (s.
383 3005 522 3093 sabbae)
545 3008 707 3093 Stephano
729 3026 788 3091 pcr
809 3008 959 3076 nuncios“
984 3006 1279 3076 commcndatmum
1301 3024 1382 3076 esse.

291 3095 411 3162 Datum
437 3099 528 3160 1462.

294 3183 423 3236 Kalena:
443 3177 550 3236 Hister.
570 3179 653 3238 critic
674 3180 772 3252 Hung.
789 3184 856 3237 tom.
874 3179 956 3249 XIV,
974 3199 1002 3252 p.
1020 3181 1081 3239 429.

723 3319 810 3388 MLI.
837 3319 930 3406 1462,
953 3318 1073 3390 nume.

291 3423 432 3492 loannes
460 3423 562 3507 Vites,
592 3424 758 3508 episcopus
785 3424 1013 3504 imadinensis,
1038 3442 1139 3507 papae
1161 3423 1219 3490 Pio
1240 3421 1282 3489 Π.
1306 3421 1463 3503 rescribit,
1485 3420 1578 3488 illius

227 3509 354 3579 litteras
375 3510 480 3578 medio
501 3510 646 3578 ianuario
675 3512 767 3578 datas
789 3530 824 3578 se
845 3511 1012 3595 recepisse,
1064 3511 1097 3576 in
1121 3509 1236 3593 quibus
1258 3509 1290 3576 S.
1314 3509 1353 3576 V.
1376 3509 1469 3576 nobis
1492 3527 1578 3576 com-

226 3597 326 3664 mittit
347 3596 494 3664 laborare
516 3598 550 3662 in
572 3596 655 3664 facto
678 3598 763 3680 regis
784 3598 918 3682 602000,
942 3603 978 3664 ut
1000 3564 1150 3664 videlicet
1171 3616 1228 3664 rex
1251 3615 1334 3680 eum,
1357 3595 1399 3662 ad
1421 3614 1457 3663 sc
1473 3595 1580 3661 humi·

225 3683 300 3750 liter
322 3687 545 3764 revertentem,
567 3684 750 3767 suscipiat‘.
772 3684 927 3753 Mandata
949 3684 1028 3752 hacc
1050 3703 1085 3750 se
1108 3683 1287 3752 executioni
1309 3682 1445 3750 dedisse.
1473 3681 1578 3764 ,Gae-

228 3775 333 3838 terum
354 3771 436 3838 bono
468 3771 604 3852 quodam
634 3771 774 3854 auspicio
804 3777 871 3838 tam
899 3770 1029 3840 litterae
1064 3770 1094 3838 S.
1124 3771 1162 3840 V.
1196 3789 1293 3853 quam
1322 3774 1466 3837 oratores
1489 3769 1580 3852 regis

228 3855 372 3940 praefati,
396 3856 459 3924 huc
479 3857 594 3924 iterato
623 3857 722 3938 missi,
752 3859 863 3925 eodem
893 3857 978 3926 ferre
1000 3863 1143 3941 tempore
1169 3857 1322 3925 inunum
1345 3863 1579 3924 concurrerunt

222 3949 263 4022 ¹et
284 3944 420 4011 deducta
441 3948 492 4011 est
513 3962 566 4010 res
588 3944 621 4010 in
643 3945 742 4011 bonos
764 3943 948 4015 armonem.

291 4027 425 4084 Korma:
442 4027 551 4086 Hister.
569 4029 628 4086 crit.
646 4028 728 4098 XIV,
745 4029 893 4086 tac-500.

715 4168 819 4235 MLII.
846 4167 938 4251 1462,
963 4167 1082 4239 Budac.

295 4269 444 4358 Matinae,
469 4270 652 4354 Hungariae
673 4291 743 4359 rex,
767 4271 920 4343 cardinali
950 4293 975 4341 s.
1006 4271 1121 4357 Angeli
1150 4272 1318 4357 significat,
1350 4293 1371 4340 a
1402 4292 1437 4340 se
1466 4291 1577 4357 regem

229 4359 354 4428 Bosnac
379 4359 439 4443 „ad
461 4358 671 4428 obedientiam
692 4365 725 4427 et
747 4360 944 4427 devotionem
965 4362 1153 4428 redeuntem
1169 4411 1177 4426 .
1195 4411 1227 4428 ..
1250 4360 1369 4427 intuitu
1391 4359 1478 4428 sedis
1503 4379 1579 4447 apo

229 4444 360 4512 stolicac
387 4463 445 4510 nec
467 4463 529 4511 non
552 4444 649 4512 etiam
671 4464 709 4512 ex
731 4445 831 4514 officio
864 4446 980 4531 regalis
1002 4447 1208 4517 clementiac“
1234 4446 1387 4516 benevole
1409 4452 1579 4531 receptum

231 4550 309 4600 csse.
333 4565 376 4580 -
398 4531 472 4598 Dat.
494 4530 605 4598 Budas
628 4537 720 4599 1462.

295 4618 425 4674 mnne:
444 4615 551 4674 Hister.
568 4616 651 4674 critic
669 4633 691 4673 r.
710 4617 837 4690 Hungar.
857 4624 923 4676 tom
942 4618 1023 4689 XIV,
1042 4637 1069 4692 p.
1088 4621 1149 4677 500.
