3410 5258
236 301 299 362 290

299 503 364 570 Nos
386 502 485 586 igitur
513 499 606 567 iustis
635 504 668 566 et
697 499 850 582 legitimis
873 499 1079 584 petitionibus
1109 503 1421 585 praenominatorum
1443 502 1582 572 fratrum

234 591 355 658 ordinis
383 608 408 655 s.
439 587 599 654 Francisci
627 586 816 653 confessoris
846 589 1004 654 minorum
1033 587 1250 657 favorabiliter
1276 590 1420 658 inclinati
1440 595 1585 658 tenorem

235 676 502 760 praescriptarum
525 674 704 740 litterarum
720 675 861 741 eiusdem
877 674 994 740 domini
1010 677 1111 742 nostri
1126 675 1211 760 regis
1226 677 1265 744 de
1281 681 1377 745 verbo
1394 679 1435 744 ad
1451 680 1584 745 verbum

234 764 391 831 tramumi
421 770 454 828 et
484 761 653 828 transcribi
685 760 837 828 incientes
866 763 984 828 eisdem
1014 762 1165 830 fratribus
1196 765 1344 831 duximus
1366 765 1586 832 concedendas

235 852 314 916 iuris
337 851 478 934 ipsorum
501 849 679 916 uberiorem
702 850 742 915 ad
765 847 931 915 cautelam.
955 849 1074 916 Datum
1091 850 1123 916 in
1138 851 1254 934 oppido
1277 851 1401 918 Hatsalr
1423 853 1456 918 in
1475 852 1585 936 vigilia

235 938 309 1005 festi
332 938 362 1004 b.
387 935 476 1003 Petri
499 938 538 1002 ad
562 933 697 1002 vincula
721 934 811 1002 Anno
834 936 962 1001 Domini
988 937 1081 1002 1429.

301 1041 367 1108 Nos
390 1041 489 1124 igitur
511 1039 739 1124 supplicatione
755 1040 900 1122 praefata
914 1040 1073 1108 mmestati
1089 1045 1215 1108 nostrae
1232 1040 1264 1106 in
1280 1041 1433 1124 personis,
1449 1060 1586 1125 quorum

236 1147 342 1212 supra,
367 1133 521 1212 porrecta,
545 1127 693 1194 exaudita
716 1126 888 1193 clementer
909 1131 942 1193 et
964 1128 1104 1194 admissa
1125 1129 1338 1210 praescriptas
1353 1127 1479 1196 litteras
1494 1137 1589 1197 ante·

236 1215 296 1282 lati
319 1214 459 1282 Ladislai
494 1216 533 1281 de
564 1213 654 1280 Obalr
684 1231 746 1279 non
776 1215 917 1292 ebrosus,
948 1232 1010 1279 non
1031 1213 1231 1295 cancellatas,
1262 1233 1325 1281 non
1348 1217 1380 1281 in
1405 1215 1514 1299 aliqua
1535 1217 1588 1284 sui

237 1307 330 1386 parte
351 1308 524 1385 suspectas,
548 1302 604 1368 sed
626 1302 710 1367 omni
743 1317 872 1382 prorsus
896 1300 971 1366 vitio
995 1305 1028 1367 et
1050 1302 1227 1386 suspicione
1253 1309 1409 1383 carentes,
1432 1323 1586 1390 praesens

237 1390 323 1456 tibus
345 1389 462 1454 nostris
494 1387 611 1453 litteris
642 1385 895 1470 privilegialibus
925 1389 965 1454 da
995 1388 1160 1455 16116111
1193 1388 1333 1468 verbum,
1358 1390 1427 1455 sina
1449 1390 1589 1456 diminu-

237 1477 325 1542 tione
347 1483 380 1542 et
402 1479 571 1557 augmento
594 1473 725 1555 aliquali
748 1474 884 1540 insertas
908 1481 941 1540 et
962 1478 1187 1558 transumptus,
1215 1477 1319 1558 quoad
1342 1495 1452 1542 omnes
1474 1495 1587 1544 aarum

238 1561 456 1644 continentias,
480 1560 638 1629 clausulas
662 1566 695 1626 et
717 1559 869 1626 articulos
892 1565 1033 1646 eatenus,
1057 1569 1213 1644 quatenos
1236 1561 1345 1628 eadem
1368 1562 1589 1648 1116611631-

239 1650 317 1716 time
340 1649 478 1715 existunt
501 1652 674 1728 emanatae,
697 1647 879 1729 viribusque
894 1666 1004 1714 aarum
1019 1651 1137 1715 veritas
1153 1648 1358 1732 suffragatur,
1375 1655 1589 1734 acceptamus,

239 1737 451 1820 approbamus
482 1741 515 1800 et
544 1733 747 1819 ratificamus,
779 1753 896 1816 sasque
926 1733 1132 1801 nibilominus
1162 1754 1198 1802 ae
1220 1736 1328 1803 omnia
1349 1741 1382 1802 et
1403 1736 1532 1820 singula
1555 1739 1589 1802 in

239 1823 357 1889 eisdem
381 1827 528 1888 contenta
550 1841 608 1904 pro
630 1821 749 1887 eisdem
771 1820 924 1888 fratribus
946 1823 1132 1888 innovantes
1159 1827 1313 1906 perpetue
1335 1821 1492 1890 valituras
1514 1841 1588 1890 con·

240 1909 403 1975 firmamus
425 1908 602 1992 praesentis
625 1908 735 1991 scripti
759 1908 859 1974 nostri
888 1908 1065 1991 patrocinio
1085 1909 1252 1976 mediante
1279 1909 1316 1974 In
1340 1911 1430 1976 cuius
1452 1909 1501 1976 161
1524 1929 1590 1977 1116-

239 1997 373 2062 moriam
396 1993 643 2077 firmitatemque
665 2001 852 2077 perpetuam
874 2001 1060 2077 praesentes
1074 1995 1200 2062 litteras
1215 2001 1341 2064 11661161
1355 1995 1463 2079 sigillo
1480 2005 1589 2065 nostm

239 2083 434 2166 impendenti
467 2082 668 2166 consignatas
698 2081 815 2148 eisdem
845 2080 999 2148 fratribus
1029 2082 1175 2148 duximus
1205 2084 1432 2152 concedendas.
1470 2085 1590 2151 Datum

240 2171 350 2237 Budas
371 2169 403 2235 in
426 2168 507 2237 festo
537 2170 565 2235 b.
589 2169 698 2236 Annae
728 2166 841 2234 matris
864 2167 996 2246 Mariae,
1029 2187 1111 2236 anno
1133 2169 1260 2236 Domini
1289 2176 1381 2239 1418.
1412 2189 1587 2254 regnorum

241 2262 419 2324 nostrorum
444 2255 626 2339 Hungariae
649 2275 731 2322 anno
756 2261 806 2334 21,
829 2255 1001 2322 Bobemiaa
1022 2274 1097 2322 vero
1120 2257 1252 2324 decimo.

306 2377 349 2431 lix
367 2377 492 2447 original.
509 2377 539 2430 in
558 2376 673 2430 tabulae.
694 2375 814 2446 provino.
835 2391 871 2430 ss.
890 2374 1042 2431 Salvatoris
1061 2375 1266 2447 Gytingytisien.

448 2568 623 2638 MOLXIII.
651 2567 743 2653 1478,
769 2568 807 2638 lt
832 2568 984 2656 Augusti,
1007 2568 1043 2638 in
1066 2570 1176 2640 666111
1198 2567 1378 2658 Novigrad.

237 2711 525 2788 =Moatinuseomes
547 2711 585 2774 de
608 2709 873 2794 Frenpepam'bcs
895 2712 1082 2774 naonesterio
1102 2711 1246 2794 fratrum
1262 2711 1428 2793 minorum,
1446 2710 1591 2775 sicariae

242 2799 410 2865 Bosneasis
442 2797 617 2862 Tersateasi
647 2797 743 2861 donat
770 2798 880 2861 totales
903 2800 1110 2881 possessiones
1149 2796 1289 2862 Grie'ooe
1319 2805 1347 2862 et
1369 2797 1484 2882 Kotor,
1521 2817 1592 2863 eum

537 2886 658 2950 canetis
687 2885 867 2948 eorumdem
885 2883 1097 2968 pertinenciis,
1122 2886 1216 2950 terris
1238 2891 1293 2950 etc.

310 3025 470 3094 Martinus
500 3025 540 3092 (16
568 3021 830 3107 Frangapanibus
861 3022 985 3108 Segnia,
1016 3022 1127 3106 Vaglie
1151 3025 1378 3106 Modrusseqoe
1401 3040 1507 3090 comes
1530 3035 1592 3090 ete

244 3113 399 3180 Omnibus
422 3109 680 3178 christifidelibus
702 3110 900 3192 presentibus
923 3117 955 3176 et
977 3111 1102 3196 futuris,
1123 3112 1319 3195 presentium
1334 3109 1479 3177 notitiam
1499 3110 1594 3176 bebi-

245 3201 336 3280 turis,
359 3197 497 3267 salutem
519 3198 553 3262 in
576 3195 688 3264 salutis
710 3197 871 3280 largitore.
895 3197 985 3262 Licet
1007 3196 1181 3280 plasmator
1195 3198 1346 3282 omnium,
1361 3198 1401 3263 de
1418 3197 1509 3264 cuius
1524 3215 1596 3263 mu-

244 3306 321 3354 nere
344 3287 442 3366 venit,
465 3289 501 3351 ut
523 3283 584 3352 sibi
614 3303 633 3350 a
667 3282 813 3350 fidelibus
847 3284 942 3366 digne
972 3289 1004 3350 et
1026 3283 1229 3350 laudabiliter
1252 3285 1417 3365 serviatur,
1442 3283 1595 3350 61111611-

246 3375 326 3440 11116
348 3379 456 3440 nostre
479 3371 632 3454 primiciis
660 3369 749 3436 illam
779 3371 868 3436 cordi
897 3376 1005 3437 nostm
1028 3371 1163 3454 benigne
1187 3370 1336 3438 infuderit
1358 3371 1506 3454 gretiam,
1531 3389 1597 3452 que

245 3463 286 3528 ad
309 3461 359 3527 aui
382 3458 518 3525 nominis
541 3456 674 3539 gloriam
695 3461 727 3522 et
742 3455 893 3523 honorem
908 3463 1037 3524 cunctas
1051 3457 1084 3522 in
1100 3457 1246 3524 dominiis
1261 3459 1378 3524 nostris
1393 3462 1597 3524 constructas

245 3546 394 3614 ecclesias
423 3544 540 3611 favoris
568 3543 803 3610 continuatione
835 3543 1016 3610 duxerimus
1043 3543 1261 3627 confovendas,
1290 3543 1399 3610 taliter
1432 3549 1468 3610 ut
1492 3543 1597 3628 ipsius

245 3634 410 3715 diligentie
432 3639 539 3700 nostre
561 3631 666 3698 studio
697 3629 743 3696 eis
774 3631 910 3712 provisio
934 3629 1096 3698 fructuosa
1127 3637 1159 3698 at
1180 3631 1319 3700 salubris
1342 3630 1552 3698 condecenter
1575 3649 1596 3697 a

247 3721 338 3787 nobis
362 3720 526 3801 provenire
549 3717 703 3784 videatur.
729 3715 808 3782 Cum
831 3717 929 3798 igitur
960 3719 1122 3785 videamus
1145 3718 1363 3803 progenitores
1385 3723 1512 3784 nostros
1534 3736 1596 3800 pro

247 3806 386 3874 remedio
410 3807 586 3872 animarum
608 3821 737 3870 suarum
759 3804 793 3867 in
809 3804 942 3870 diversis
958 3803 1035 3870 locis
1051 3805 1257 3873 comitatuum
1272 3809 1451 3872 nostrorum
1467 3804 1597 3872 diversa

246 3893 440 3960 monasterie
463 3892 613 3958 fundasse
643 3895 675 3956 et
698 3908 736 3956 ea
758 3891 1017 3972 possessionibus,
1041 3891 1244 3958 libertatibus
1267 3891 1402 3974 aliisque
1424 3891 1516 3956 bonis
1539 3892 1597 3958 do-

246 3986 341 4060 tasse,
373 3998 430 4046 nos
461 3983 529 4044 tum
559 3996 669 4045 eorum
699 3977 851 4059 exemplis
882 3977 1005 4062 imbuti,
1035 3983 1102 4044 tum
1133 3979 1233 4046 eciam
1262 3979 1389 4061 proprie
1411 3977 1597 4044 devocionis

246 4064 320 4134 voto
342 4067 429 4144 moti,
454 4066 494 4132 ad
518 4065 744 4132 monasterium
767 4065 859 4130 beate
892 4064 993 4130 Maria
1016 4065 1156 4150 virginis,
1180 4065 1299 4131 ordinis
1322 4065 1406 4132 beati
1429 4063 1596 4130 Francisci

246 4154 380 4223 iratrum
403 4151 559 4218 minorum
579 4153 619 4218 de
642 4151 851 4235 observantia,
875 4152 908 4216 in
932 4151 1076 4218 districtu
1099 4154 1139 4218 de
1163 4151 1308 4236 Vynodol
1326 4170 1423 4235 prope
1439 4158 1592 4232 castrum,

247 4239 401 4308 Ozerzath
424 4244 578 4322 vocatum,
601 4239 634 4304 in
657 4237 808 4304 honorem
831 4238 1019 4304 intemerate
1042 4250 1073 4304 et
1095 4237 1323 4320 gloriosissime
1344 4238 1406 4304 Dei
1427 4239 1584 4321 genitrici

246 4327 379 4410 virginis
401 4326 513 4407 Maris,
537 4327 577 4391 ob
600 4343 690 4408 spem
720 4331 752 4390 et
782 4325 988 4408 devotionem,
1020 4326 1177 4407 quemad
1205 4327 1339 4392 eandem
1362 4324 1514 4407 gerimus,
1536 4346 1588 4410 par

246 4434 304 4482 nos
326 4417 430 4481 denuo
452 4411 617 4479 fundatum
640 4417 672 4476 et
694 4415 915 4477 constructum.
940 4411 986 4478 Ut
1008 4411 1106 4493 igitur
1128 4411 1189 4495 ipsi
1212 4411 1328 4478 fratres
1347 4411 1380 4475 in
1400 4411 1469 4493 ipso
1485 4429 1589 4480 mona·

247 4501 343 4568 sterio
377 4501 528 4582 degentes
562 4497 790 4578 temporalibus
820 4497 970 4564 subsidiis
1001 4497 1194 4566 sufficienter
1227 4498 1329 4565 adiuti
1357 4495 1490 4564 liberius
1524 4499 1589 4567 Deo

246 4593 368 4674 vacent,
392 4587 515 4670 ipsique
539 4586 679 4651 serviant
701 4591 733 4651 et
748 4583 848 4666 ipsius
863 4585 1112 4652 misericordiam
1127 4585 1160 4650 in
1184 4585 1327 4652 districto
1343 4584 1486 4651 examine
1502 4587 1585 4653 nobil

246 4675 382 4744 assiduis
404 4691 512 4740 eorum
543 4669 743 4738 oracionibus
766 4670 891 4737 valeant
913 4671 1094 4754 impetrare,
1118 4669 1182 4738 illis
1205 4693 1263 4757 pro
1285 4671 1390 4740 anime
1412 4677 1520 4738 166116
1543 4691 1577 4741 16
