3394 5266
1394 323 1432 382 67

403 519 576 588 sednon.
604 521 695 606 1403,
720 521 760 592 27
783 521 949 608 ianuarii,
971 523 1120 610 ssrgusii.

156 643 271 711 Reotor
293 647 327 710 et
348 663 510 713 eommune
531 646 716 730 ragusinum
738 646 845 712 eomiti
868 647 968 730 Raup,
992 652 1027 713 ut
1049 648 1133 730 apud
1155 665 1263 729 regem
1291 647 1434 732 Ostojem

101 735 127 794 et
153 729 306 814 Hrvojam
326 741 443 816 ageret,
467 752 506 800 ne
528 732 668 801 venditio
691 731 767 801 selis
789 733 819 798 in
844 732 999 813 Sutorins,
1034 740 1144 801 eontra
1173 735 1320 818 antiquas
1347 735 1433 818 loges

100 825 127 883 et
145 816 311 902 privilegia
331 840 352 886 a
373 821 500 903 regibus
523 819 642 888 Turtko
665 825 722 888 eto.
747 821 936 904 introducta,
959 822 1168 890 continuetur.

155 939 250 994 1110ίό1
269 942 439 1008 000000000οι
458 945 568 1010 opoenmr,
587 957 613 1014 p.
631 941 674 996 44.

393 1125 581 1194 ceonviss.
607 1125 699 1211 1403,
723 1126 741 1196 7
766 1126 1125 1214 110100011111030011.

155 1248 268 1316 Reetor
290 1255 323 1316 et
345 1267 508 1319 commune
535 1251 720 1334 ragusinum
750 1251 901 1336 00100100
930 1250 1048 1332 Hrroje
1082 1251 1281 1333 respondent,
1305 1250 1432 1318 litteras

100 1333 181 1402 11101
202 1337 383 1420 eonduotus,
406 1358 487 1422 quae
507 1338 666 1406 referente
688 1338 792 1405 Ratluo
814 1339 988 1406 Midanovit
1010 1338 1184 1421 Ragmium
1204 1339 1430 1424 pervenissent,

100 1441 167 1490 ase
186 1424 320 1492 noodum
342 1432 506 1510 perceptas
528 1425 634 1493 luisse.

157 1544 253 1600 roae:
272 1547 441 1612 0000000000
459 1547 569 1616 006000,
588 1547 611 1616 1,
630 1547 673 1602 45.

400 1729 556 1798 oeenix.
583 1729 675 1815 1403,
701 1729 739 1800 17
761 1729 947 1814 Februarii,
971 1730 1121 1818 Rugueil.

158 1851 275 1936 Comes,
295 1853 416 1920 nobiles
431 1859 464 1920 et
479 1859 580 1920 totum
595 1873 759 1922 commune
774 1853 904 1937 Ragusii
920 1853 1059 1922 latentur
1079 1875 1114 1922 se
1129 1853 1169 1921 ab
1185 1851 1316 1933 Helene,
1334 1871 1431 1920 uxore

100 1942 260 2024 rojerodae
283 1939 412 2008 Sandali
448 1945 481 2008 01
512 1940 577 2008 iilia
601 1941 730 2009 Serbiae
764 1942 886 2026 despoti
920 1941 1041 2024 Lazari,
1066 1942 1221 2025 accepisse
1251 1941 1431 2025 depositum

97 2027 222 2094 duorum
257 2028 392 2094 millium
419 2047 596 2113 aureorum,
625 2029 849 2113 transpositum
879 2047 938 2112 per
968 2030 1110 2096 eiusdem
1140 2029 1292 2096 nuncios:
1324 2034 1431 2095 stares

97 2114 222 2201 Dmitar,
245 2115 422 2199 Badonjam
446 2115 568 2198 Pripbid
589 2119 623 2183 et
644 2116 810 2184 dissonum
832 2115 960 2196 Brajan.

155 2235 201 2291 Dr.
219 2237 267 2292 nr.
285 2235 429 2293 dimotis:
448 2237 573 2294 bionum.
592 2236 706 2304 serbioa,
725 2253 752 2310 p.
771 2238 831 2292 251.
849 2237 970 2292 Inseruit
987 2237 1129 2310 logotheta
1146 2237 1252 2294 Ruslro.

436 2411 577 2480 OOGLX.
605 2412 696 2495 1403,
723 2412 761 2484 13
785 2411 907 2496 bertii,
930 2411 1079 2500 Rugnsll.

155 2535 267 2604 Reotor
288 2541 322 2603 01
344 2553 507 2604 oommnne
529 2537 713 2620 ragusinum
744 2537 851 2602 oomiti
873 2536 978 2603 llirluo
1001 2535 1200 2619 promittunt,
1223 2553 1259 2602 00
1282 2553 1339 2619 pro
1363 2532 1430 2600 filio

96 2640 148 2688 000
168 2627 200 2690 01
220 2623 293 2690 aliis
315 2624 532 2705 besuensibus,
556 2625 611 2707 qui
635 2622 909 2708 Constantinopoli
924 2623 1041 2706 eaptivi
1061 2625 1252 2706 detinentur,
1275 2621 1433 2690 eliberan-

96 2709 149 2790 dis,
170 2711 251 2794 apud
274 2711 497 2794 imperatorem
523 2730 665 2796 quaeque
688 2711 859 2794 diligentur
889 2716 1069 2779 tentaturos
1092 2729 1171 2778 0000.

153 2798 271 2864 Eodem
305 2818 388 2866 0000
421 2807 453 2864 01
483 2799 534 2865 dle
564 2799 661 2867 etiam
691 2798 798 2866 comiti
830 2796 963 2865 Vllradin
995 2803 1027 2864 et
1049 2798 1218 2880 vojerodae
1254 2795 1379 2862 Vllrmir
1400 2795 1433 2860 in

96 2884 219 2951 enodem
240 2887 370 2954 modum
392 2885 545 2970 seriptum
566 2891 616 2953 est
644 2887 684 2954 de
711 2885 903 2954 eliberandis
932 2887 1056 2953 dnobus
1090 2885 1300 2968 patruelibus,
1325 2884 1377 2966 qni
1400 2882 1433 2948 in

95 2969 211 3038 Kosoro
233 2971 318 3057 polJe
341 2973 426 3057 oopti
448 2979 549 3041 erant.

154 3059 225 3126 Pari
248 3061 343 3128 modo
365 3066 399 3126 01
420 3060 591 3144 sojevodae
613 3060 740 3144 Hrvoje.

154 3145 286 3213 Domino
325 3146 448 3214 insulse
478 3145 639 3230 Mitylene,
669 3154 706 3214 ut
736 3147 867 3230 nuneio,
898 3149 938 3215 ad
971 3144 1166 3214 redueendos
1200 3163 1219 3212 0
1247 3143 1432 3228 captivitate

94 3233 214 3319 1010100,
237 3235 336 3302 misso
358 3233 488 3302 oonsilio
511 3241 543 3301 01
566 3253 663 3319 opera
685 3235 822 3304 assistet.

152 3353 248 3412 Psoi&
266 3358 436 3421 (1001000000
454 3357 565 3424 opocen,
585 3371 611 3426 p.
630 3355 664 3410 46
683 3355 769 3411 0147.

420 3537 575 3606 0001111.
602 3537 694 3620 1403,
718 3539 760 3608 20
782 3537 916 3626 Aprilis,
943 3535 1101 3608 Venetlls.

152 3663 390 3747 Respondentur
412 3665 527 3730 000010
547 3662 634 3744 regis
655 3662 816 3746 Bossinae,
840 3663 1024 3744 oonbentari,
1052 3660 1136 3744 qood
1151 3663 1259 3727 teneat
1283 3657 1334 3744 ,in
1349 3657 1431 3724 mari

94 3767 146 3830 pro
176 3751 319 3818 custodie
352 3756 510 3818 terrarum
543 3769 670 3817 suarum
704 3752 782 3818 duos
817 3749 1014 3833 brigantinos
1048 3751 1221 3830 armatos“‚
1252 3764 1292 3812 ne
1326 3752 1431 3812 tamen

95 3835 286 3907 damnificent
307 3839 437 3924 navigia
458 3843 580 3906 veneto.

151 3959 263 4028 pseu:
282 3958 398 4028 0000,
416 3958 453 4027 0,
471 3960 496 4016 4.

452 4141 625 4210 eudoxii.
652 4139 743 4222 1403,
767 4141 787 4211 2
810 4139 913 4224 iunii,
937 4139 1065 4211 11011110.

147 4265 328 4336 Bonifatius
349 4267 411 4334 ΡΡ.
433 4265 488 4332 111.
512 4263 636 4347 Angelo
659 4265 707 4332 tit.
730 4283 755 4332 s.
778 4263 942 4332 Laurentii
969 4263 1003 4328 in
1025 4263 1166 4330 Damaso
1189 4280 1246 4328 suo
1269 4260 1310 4326 ad
1332 4277 1430 4342 regna

95 4403 106 4434 ,
125 4351 247 4437 legaris
268 4407 275 4421 .
297 4405 326 4420 ..
351 4352 524 4437 Selasonie,
557 4351 725 4426 Dalmatis,
759 4351 895 4432 Oroatis,
926 4352 1037 4432 Reme,
1071 4347 1234 4428 Valoehie,
1257 4346 1435 4429 Belgariet

93 4437 106 4504 l
126 4448 188 4522 rato
210 4441 379 4528 permittit,
401 4450 438 4507 ut
460 4439 634 4524 apostoliea
657 4441 845 4508 auctoritate
869 4444 910 4505 50
934 4439 1018 4506 viros
1038 4435 1268 4504 aeclesiasticos
1289 4433 1430 4502 adebito

93 4528 274 4598 tridentius
297 4529 482 4612 dispensare
505 4527 614 4612 possit.

149 4614 228 4684 Gom
249 4622 325 4685 10..
348 4615 421 4684 Dat.
447 4615 545 4682 Rome
567 4615 652 4698 apud
674 4634 699 4681 s.
725 4613 855 4680 Petrum
877 4637 911 4679 rv
934 4631 1034 4682 nonas
1056 4609 1146 4678 Junii
1168 4629 1219 4679 an.
1242 4634 1304 4678 mv.

147 4738 272 4795 Menum.
290 4738 371 4795 ustie.
389 4737 508 4809 hunger.
526 4742 593 4794 tom.
613 4734 665 4804 iv,
684 4753 711 4807 p.
730 4735 790 4792 504.
1308 4813 1328 4850 ι
