<?xml version="1.0" encoding="UTF-8"?>
<!DOCTYPE html PUBLIC "-//W3C//DTD XHTML 1.0 Transitional//EN"
    "http://www.w3.org/TR/xhtml1/DTD/xhtml1-transitional.dtd">
<html xmlns="http://www.w3.org/1999/xhtml" xml:lang="en" lang="en">
 <head>
  <title>
</title>
<meta http-equiv="Content-Type" content="text/html;charset=utf-8" />
  <meta name='ocr-system' content='tesseract 3.04.00' />
  <meta name='ocr-capabilities' content='ocr_page ocr_carea ocr_par ocr_line ocrx_word'/>
</head>
<body>
  <div class='ocr_page' id='page_1' title='image "./actabosnaepotis00fermgoog_0301.png"; bbox 0 0 3410 5258; ppageno 0'>
   <div class='ocr_carea' id='block_1_1' title="bbox 1409 301 1472 362">
    <p class='ocr_par' dir='ltr' id='par_1_1' title="bbox 1409 301 1472 362">
     <span class='ocr_line' id='line_1_1' title="bbox 1409 301 1472 362; baseline 0.032 -2"><span class='ocrx_word' id='word_1_1' title='bbox 1409 301 1472 362; x_wconf 79' lang='lat'><strong>289</strong></span> 
     </span>
    </p>
   </div>
   <div class='ocr_carea' id='block_1_2' title="bbox 122 495 1473 758">
    <p class='ocr_par' dir='ltr' id='par_1_2' title="bbox 122 495 1473 758">
     <span class='ocr_line' id='line_1_2' title="bbox 122 495 1472 586; baseline 0.006 -24"><span class='ocrx_word' id='word_1_2' title='bbox 122 495 338 580; x_wconf 88' lang='lat' dir='ltr'><strong>apostolorum</strong></span> <span class='ocrx_word' id='word_1_3' title='bbox 361 499 430 582; x_wconf 80' lang='lat' dir='ltr'><strong>eJus</strong></span> <span class='ocrx_word' id='word_1_4' title='bbox 453 517 488 566; x_wconf 89' lang='lat' dir='ltr'><strong>se</strong></span> <span class='ocrx_word' id='word_1_5' title='bbox 510 498 634 566; x_wconf 85' lang='lat' dir='ltr'><strong>noverit</strong></span> <span class='ocrx_word' id='word_1_6' title='bbox 656 499 866 566; x_wconf 90' lang='lat' dir='ltr'><strong>incursurum.</strong></span> <span class='ocrx_word' id='word_1_7' title='bbox 896 499 1015 568; x_wconf 90' lang='lat' dir='ltr'><strong>Datum</strong></span> <span class='ocrx_word' id='word_1_8' title='bbox 1039 501 1158 568; x_wconf 90' lang='lat' dir='ltr'><strong>Romae</strong></span> <span class='ocrx_word' id='word_1_9' title='bbox 1183 501 1267 586; x_wconf 90' lang='lat' dir='ltr'><strong>apud</strong></span> <span class='ocrx_word' id='word_1_10' title='bbox 1289 520 1314 568; x_wconf 90' lang='lat' dir='ltr'><strong>s.</strong></span> <span class='ocrx_word' id='word_1_11' title='bbox 1338 501 1472 570; x_wconf 89' lang='lat' dir='ltr'><strong>Petrum</strong></span> 
     </span>
     <span class='ocr_line' id='line_1_3' title="bbox 123 585 1473 674; baseline 0.007 -26"><span class='ocrx_word' id='word_1_12' title='bbox 123 603 208 649; x_wconf 93' lang='lat' dir='ltr'><strong>anno</strong></span> <span class='ocrx_word' id='word_1_13' title='bbox 230 585 457 652; x_wconf 76' lang='lat' dir='ltr'><strong>incarnationis</strong></span> <span class='ocrx_word' id='word_1_14' title='bbox 489 586 665 654; x_wconf 72' lang='lat' dir='ltr'><strong>dominicae</strong></span> <span class='ocrx_word' id='word_1_15' title='bbox 696 585 865 654; x_wconf 91' lang='lat' dir='ltr'><strong>millesimo</strong></span> <span class='ocrx_word' id='word_1_16' title='bbox 895 587 1204 671; x_wconf 86' lang='lat' dir='ltr'><strong>quadringentesimo</strong></span> <span class='ocrx_word' id='word_1_17' title='bbox 1239 590 1473 674; x_wconf 86' lang='lat' dir='ltr'><strong>septuagesimo</strong></span> 
     </span>
     <span class='ocr_line' id='line_1_4' title="bbox 122 671 1233 758; baseline 0.005 -23"><span class='ocrx_word' id='word_1_18' title='bbox 122 679 226 751; x_wconf 84' lang='lat' dir='ltr'><strong>sexto,</strong></span> <span class='ocrx_word' id='word_1_19' title='bbox 249 671 353 754; x_wconf 80' lang='lat' dir='ltr'><strong>pridie</strong></span> <span class='ocrx_word' id='word_1_20' title='bbox 375 671 528 740; x_wconf 76' lang='lat' dir='ltr'><strong>kalendas</strong></span> <span class='ocrx_word' id='word_1_21' title='bbox 550 672 638 755; x_wconf 88' lang='lat' dir='ltr'><strong>Maii,</strong></span> <span class='ocrx_word' id='word_1_22' title='bbox 661 671 863 757; x_wconf 88' lang='lat' dir='ltr'><strong>pontificatus</strong></span> <span class='ocrx_word' id='word_1_23' title='bbox 886 675 987 741; x_wconf 80' lang='lat' dir='ltr'><strong>nostri</strong></span> <span class='ocrx_word' id='word_1_24' title='bbox 1009 694 1091 743; x_wconf 88' lang='lat' dir='ltr'><strong>auno</strong></span> <span class='ocrx_word' id='word_1_25' title='bbox 1114 675 1233 758; x_wconf 90' lang='lat' dir='ltr'><strong>quinto.</strong></span> 
     </span>
    </p>
   </div>
   <div class='ocr_carea' id='block_1_3' title="bbox 188 790 1158 868">
    <p class='ocr_par' dir='ltr' id='par_1_3' title="bbox 188 790 1158 868">
     <span class='ocr_line' id='line_1_5' title="bbox 188 790 1158 868; baseline 0.004 -22"><span class='ocrx_word' id='word_1_26' title='bbox 188 790 234 846; x_wconf 78' lang='lat' dir='ltr'><strong>Ex</strong></span> <span class='ocrx_word' id='word_1_27' title='bbox 251 791 378 862; x_wconf 87' lang='lat' dir='ltr'><strong>original.</strong></span> <span class='ocrx_word' id='word_1_28' title='bbox 396 793 425 847; x_wconf 87' lang='lat' dir='ltr'><strong>in</strong></span> <span class='ocrx_word' id='word_1_29' title='bbox 442 793 560 848; x_wconf 86' lang='lat' dir='ltr'><strong>tabular.</strong></span> <span class='ocrx_word' id='word_1_30' title='bbox 579 795 701 865; x_wconf 82' lang='lat' dir='ltr'><strong>provinc.</strong></span> <span class='ocrx_word' id='word_1_31' title='bbox 720 811 757 850; x_wconf 83' lang='lat' dir='ltr'><strong>ss.</strong></span> <span class='ocrx_word' id='word_1_32' title='bbox 776 794 929 852; x_wconf 78' lang='lat' dir='ltr'><strong>Salvatoris</strong></span> <span class='ocrx_word' id='word_1_33' title='bbox 952 795 1158 868; x_wconf 76' lang='lat' dir='ltr'><strong>Gydnggdsien.</strong></span> 
     </span>
    </p>
   </div>
   <div class='ocr_carea' id='block_1_4' title="bbox 189 983 1473 1194">
    <p class='ocr_par' dir='ltr' id='par_1_4' title="bbox 189 983 1473 1194">
     <span class='ocr_line' id='line_1_6' title="bbox 547 983 1051 1074; baseline 0.01 -24"><span class='ocrx_word' id='word_1_34' title='bbox 547 983 687 1052; x_wconf 72' lang='lat' dir='ltr'><strong>Mum</strong></span> <span class='ocrx_word' id='word_1_35' title='bbox 714 985 807 1069; x_wconf 75' lang='lat' dir='ltr'><strong>lito,</strong></span> <span class='ocrx_word' id='word_1_36' title='bbox 834 987 872 1057; x_wconf 84' lang='lat'><strong>17</strong></span> <span class='ocrx_word' id='word_1_37' title='bbox 896 987 1051 1074; x_wconf 81' lang='lat' dir='ltr'><strong>Augusti.</strong></span> 
     </span>
     <span class='ocr_line' id='line_1_7' title="bbox 189 1105 1473 1194; baseline 0.008 -22"><span class='ocrx_word' id='word_1_38' title='bbox 189 1105 317 1186; x_wconf 75' lang='lat' dir='ltr'><strong>wacko,</strong></span> <span class='ocrx_word' id='word_1_39' title='bbox 342 1109 404 1174; x_wconf 86' lang='lat' dir='ltr'><strong>dux</strong></span> <span class='ocrx_word' id='word_1_40' title='bbox 428 1127 453 1175; x_wconf 92' lang='lat' dir='ltr'><strong>s.</strong></span> <span class='ocrx_word' id='word_1_41' title='bbox 478 1107 580 1176; x_wconf 89' lang='lat' dir='ltr'><strong>Sabae</strong></span> <span class='ocrx_word' id='word_1_42' title='bbox 602 1108 723 1176; x_wconf 86' lang='lat' dir='ltr'><strong>latetur</strong></span> <span class='ocrx_word' id='word_1_43' title='bbox 744 1129 855 1194; x_wconf 89' lang='lat' dir='ltr'><strong>seper</strong></span> <span class='ocrx_word' id='word_1_44' title='bbox 881 1129 974 1178; x_wconf 89' lang='lat' dir='ltr'><strong>suum</strong></span> <span class='ocrx_word' id='word_1_45' title='bbox 988 1109 1129 1192; x_wconf 87' lang='lat' dir='ltr'><strong>legatum</strong></span> <span class='ocrx_word' id='word_1_46' title='bbox 1152 1129 1175 1178; x_wconf 85' lang='lat' dir='ltr'><strong>c</strong></span> <span class='ocrx_word' id='word_1_47' title='bbox 1203 1109 1298 1179; x_wconf 88' lang='lat' dir='ltr'><strong>Ralul</strong></span> <span class='ocrx_word' id='word_1_48' title='bbox 1320 1112 1473 1182; x_wconf 83' lang='lat' dir='ltr'><strong>Paskaric</strong></span> 
     </span>
    </p>
   </div>
   <div class='ocr_carea' id='block_1_5' title="bbox 119 1195 1473 1346">
    <p class='ocr_par' dir='ltr' id='par_1_5' title="bbox 119 1195 1473 1346">
     <span class='ocr_line' id='line_1_8' title="bbox 119 1195 1473 1346; baseline 0.006 -86"><span class='ocrx_word' id='word_1_49' title='bbox 119 1195 305 1346; x_wconf 43' lang='lat' dir='ltr'><strong>pselrkegpiigse</strong></span> <span class='ocrx_word' id='word_1_50' title='bbox 329 1213 349 1262; x_wconf 87' lang='lat' dir='ltr'><strong>a</strong></span> <span class='ocrx_word' id='word_1_51' title='bbox 370 1196 541 1278; x_wconf 84' lang='lat' dir='ltr'><strong>Ragusinis</strong></span> <span class='ocrx_word' id='word_1_52' title='bbox 563 1197 719 1264; x_wconf 85' lang='lat' dir='ltr'><strong>tributum</strong></span> <span class='ocrx_word' id='word_1_53' title='bbox 740 1197 814 1265; x_wconf 93' lang='lat' dir='ltr'><strong>anni</strong></span> <span class='ocrx_word' id='word_1_54' title='bbox 841 1203 921 1264; x_wconf 81' lang='lat'>1476</span> <span class='ocrx_word' id='word_1_55' title='bbox 945 1217 1003 1283; x_wconf 90' lang='lat' dir='ltr'><strong>pro</strong></span> <span class='ocrx_word' id='word_1_56' title='bbox 1025 1195 1190 1282; x_wconf 80' lang='lat' dir='ltr'><strong>Konavlje.</strong></span> <span class='ocrx_word' id='word_1_57' title='bbox 1215 1198 1348 1284; x_wconf 81' lang='lat' dir='ltr'><strong>Scripsit</strong></span> <span class='ocrx_word' id='word_1_58' title='bbox 1363 1201 1473 1269; x_wconf 78' lang='lat' dir='ltr'><strong>Vultis</strong></span> 
     </span>
     <span class='ocr_line' id='line_1_9' title="bbox 219 1301 275 1344; baseline 0.036 -2"><span class='ocrx_word' id='word_1_59' title='bbox 219 1301 235 1342; x_wconf 86' lang='lat' dir='ltr'>V</span> <span class='ocrx_word' id='word_1_60' title='bbox 269 1331 275 1344; x_wconf 93' lang='lat'><em>.</em></span> 
     </span>
    </p>
   </div>
   <div class='ocr_carea' id='block_1_6' title="bbox 187 1399 872 1476">
    <p class='ocr_par' dir='ltr' id='par_1_6' title="bbox 187 1399 872 1476">
     <span class='ocr_line' id='line_1_10' title="bbox 187 1399 872 1476; baseline 0.01 -23"><span class='ocrx_word' id='word_1_61' title='bbox 187 1399 237 1456; x_wconf 88' lang='lat' dir='ltr'><strong>Dr.</strong></span> <span class='ocrx_word' id='word_1_62' title='bbox 255 1403 306 1456; x_wconf 80' lang='lat' dir='ltr'><strong>Fr.</strong></span> <span class='ocrx_word' id='word_1_63' title='bbox 324 1401 469 1460; x_wconf 64' lang='lat' dir='ltr'><strong>Mitem:</strong></span> <span class='ocrx_word' id='word_1_64' title='bbox 488 1403 614 1460; x_wconf 83' lang='lat' dir='ltr'><strong>Monam.</strong></span> <span class='ocrx_word' id='word_1_65' title='bbox 633 1403 748 1470; x_wconf 81' lang='lat' dir='ltr'><strong>sarbiae,</strong></span> <span class='ocrx_word' id='word_1_66' title='bbox 767 1421 794 1476; x_wconf 94' lang='lat' dir='ltr'><strong>p.</strong></span> <span class='ocrx_word' id='word_1_67' title='bbox 812 1405 872 1460; x_wconf 76' lang='lat'>517.</span> 
     </span>
    </p>
   </div>
   <div class='ocr_carea' id='block_1_7' title="bbox 497 1613 1103 1699">
    <p class='ocr_par' dir='ltr' id='par_1_7' title="bbox 497 1613 1103 1699">
     <span class='ocr_line' id='line_1_11' title="bbox 497 1613 1103 1699; baseline 0.007 -19"><span class='ocrx_word' id='word_1_68' title='bbox 497 1613 658 1681; x_wconf 82' lang='lat' dir='ltr'><strong>MOLXII.</strong></span> <span class='ocrx_word' id='word_1_69' title='bbox 686 1613 777 1696; x_wconf 79' lang='lat'>1478,</span> <span class='ocrx_word' id='word_1_70' title='bbox 801 1613 842 1683; x_wconf 80' lang='lat'><strong>26</strong></span> <span class='ocrx_word' id='word_1_71' title='bbox 866 1613 960 1699; x_wconf 80' lang='lat' dir='ltr'><strong>Jutit</strong></span> <span class='ocrx_word' id='word_1_72' title='bbox 983 1613 1103 1685; x_wconf 85' lang='lat' dir='ltr'><strong>Budua.</strong></span> 
     </span>
    </p>
   </div>
   <div class='ocr_carea' id='block_1_8' title="bbox 120 1731 1473 1980">
    <p class='ocr_par' dir='ltr' id='par_1_8' title="bbox 120 1731 1473 1980">
     <span class='ocr_line' id='line_1_12' title="bbox 121 1731 1473 1822; baseline 0.006 -25"><span class='ocrx_word' id='word_1_73' title='bbox 121 1731 270 1798; x_wconf 75' lang='lat' dir='ltr'><strong>Metrias</strong></span> <span class='ocrx_word' id='word_1_74' title='bbox 293 1755 350 1800; x_wconf 82' lang='lat' dir='ltr'><strong>rae</strong></span> <span class='ocrx_word' id='word_1_75' title='bbox 372 1735 537 1818; x_wconf 75' lang='lat' dir='ltr'><strong>confirmat</strong></span> <span class='ocrx_word' id='word_1_76' title='bbox 566 1739 771 1822; x_wconf 72' lang='lat' dir='ltr'><strong>exemptiones</strong></span> <span class='ocrx_word' id='word_1_77' title='bbox 801 1745 829 1802; x_wconf 91' lang='lat' dir='ltr'><strong>et</strong></span> <span class='ocrx_word' id='word_1_78' title='bbox 851 1737 1029 1822; x_wconf 72' lang='lat' dir='ltr'><strong>priuilegia,</strong></span> <span class='ocrx_word' id='word_1_79' title='bbox 1059 1760 1081 1804; x_wconf 87' lang='lat' dir='ltr'><strong>u</strong></span> <span class='ocrx_word' id='word_1_80' title='bbox 1110 1735 1235 1821; x_wconf 76' lang='lat' dir='ltr'><strong>regibus</strong></span> <span class='ocrx_word' id='word_1_81' title='bbox 1260 1736 1419 1804; x_wconf 68' lang='lat' dir='ltr'><strong>Ludeomo</strong></span> <span class='ocrx_word' id='word_1_82' title='bbox 1444 1737 1473 1805; x_wconf 87' lang='lat' dir='ltr'><strong>l.</strong></span> 
     </span>
     <span class='ocr_line' id='line_1_13' title="bbox 120 1820 1472 1910; baseline 0.004 -26"><span class='ocrx_word' id='word_1_83' title='bbox 120 1827 152 1884; x_wconf 83' lang='lat' dir='ltr'><strong>et</strong></span> <span class='ocrx_word' id='word_1_84' title='bbox 174 1820 389 1906; x_wconf 76' lang='lat' dir='ltr'><strong>Ss&#39;qiemuudo,</strong></span> <span class='ocrx_word' id='word_1_85' title='bbox 411 1844 467 1889; x_wconf 83' lang='lat' dir='ltr'><strong>aec</strong></span> <span class='ocrx_word' id='word_1_86' title='bbox 489 1845 551 1889; x_wconf 84' lang='lat' dir='ltr'><strong>non</strong></span> <span class='ocrx_word' id='word_1_87' title='bbox 574 1833 603 1890; x_wconf 86' lang='lat' dir='ltr'><strong>et</strong></span> <span class='ocrx_word' id='word_1_88' title='bbox 625 1823 781 1890; x_wconf 82' lang='lat' dir='ltr'><strong>Lodieluo</strong></span> <span class='ocrx_word' id='word_1_89' title='bbox 804 1826 842 1888; x_wconf 89' lang='lat' dir='ltr'><strong>de</strong></span> <span class='ocrx_word' id='word_1_90' title='bbox 868 1822 964 1908; x_wconf 78' lang='lat' dir='ltr'><strong>Oleok,</strong></span> <span class='ocrx_word' id='word_1_91' title='bbox 985 1823 1225 1890; x_wconf 82' lang='lat' dir='ltr'><strong>Transiloum&#39;ae</strong></span> <span class='ocrx_word' id='word_1_92' title='bbox 1240 1825 1379 1910; x_wconf 86' lang='lat' dir='ltr'><strong>oojoodo,</strong></span> <span class='ocrx_word' id='word_1_93' title='bbox 1400 1825 1472 1908; x_wconf 78' lang='lat' dir='ltr'><strong>fro-</strong></span> 
     </span>
     <span class='ocr_line' id='line_1_14' title="bbox 340 1909 1255 1980; baseline 0.009 -8"><span class='ocrx_word' id='word_1_94' title='bbox 340 1909 440 1975; x_wconf 84' lang='lat' dir='ltr'><strong>tridus</strong></span> <span class='ocrx_word' id='word_1_95' title='bbox 462 1911 531 1976; x_wconf 83' lang='lat' dir='ltr'><strong>ord.</strong></span> <span class='ocrx_word' id='word_1_96' title='bbox 555 1933 579 1976; x_wconf 87' lang='lat' dir='ltr'><strong>a.</strong></span> <span class='ocrx_word' id='word_1_97' title='bbox 605 1909 773 1978; x_wconf 82' lang='lat' dir='ltr'><strong>Francisei</strong></span> <span class='ocrx_word' id='word_1_98' title='bbox 795 1912 932 1978; x_wconf 81' lang='lat' dir='ltr'><strong>vicariae</strong></span> <span class='ocrx_word' id='word_1_99' title='bbox 955 1909 1079 1976; x_wconf 76' lang='lat' dir='ltr'><strong>Roseae</strong></span> <span class='ocrx_word' id='word_1_100' title='bbox 1102 1930 1255 1980; x_wconf 75' lang='lat' dir='ltr'><strong>maresco.</strong></span> 
     </span>
    </p>
   </div>
   <div class='ocr_carea' id='block_1_9' title="bbox 118 2029 1474 3502">
    <p class='ocr_par' dir='ltr' id='par_1_9' title="bbox 118 2029 1474 3502">
     <span class='ocr_line' id='line_1_15' title="bbox 187 2029 1471 2115; baseline 0.005 -22"><span class='ocrx_word' id='word_1_101' title='bbox 187 2029 256 2094; x_wconf 89' lang='lat' dir='ltr'><strong>Nos</strong></span> <span class='ocrx_word' id='word_1_102' title='bbox 288 2029 429 2098; x_wconf 88' lang='lat' dir='ltr'><strong>Methias</strong></span> <span class='ocrx_word' id='word_1_103' title='bbox 460 2033 520 2098; x_wconf 90' lang='lat' dir='ltr'><strong>Dei</strong></span> <span class='ocrx_word' id='word_1_104' title='bbox 550 2033 655 2115; x_wconf 90' lang='lat' dir='ltr'><strong>gratia</strong></span> <span class='ocrx_word' id='word_1_105' title='bbox 684 2053 740 2100; x_wconf 86' lang='lat' dir='ltr'><strong>rex</strong></span> <span class='ocrx_word' id='word_1_106' title='bbox 770 2033 970 2114; x_wconf 86' lang='lat' dir='ltr'><strong>Hungariae,</strong></span> <span class='ocrx_word' id='word_1_107' title='bbox 1000 2032 1174 2102; x_wconf 89' lang='lat' dir='ltr'><strong>Bohemiae</strong></span> <span class='ocrx_word' id='word_1_108' title='bbox 1204 2038 1263 2100; x_wconf 91' lang='lat' dir='ltr'><strong>etc.</strong></span> <span class='ocrx_word' id='word_1_109' title='bbox 1297 2033 1471 2101; x_wconf 79' lang='lat' dir='ltr'><strong>Memoriae</strong></span> 
     </span>
     <span class='ocr_line' id='line_1_16' title="bbox 119 2119 1470 2206; baseline 0.003 -24"><span class='ocrx_word' id='word_1_110' title='bbox 119 2119 382 2184; x_wconf 86' lang='lat' dir='ltr'><strong>commendemus</strong></span> <span class='ocrx_word' id='word_1_111' title='bbox 405 2123 514 2184; x_wconf 87' lang='lat' dir='ltr'><strong>tenore</strong></span> <span class='ocrx_word' id='word_1_112' title='bbox 536 2123 750 2201; x_wconf 86' lang='lat' dir='ltr'><strong>praesentium</strong></span> <span class='ocrx_word' id='word_1_113' title='bbox 773 2119 996 2204; x_wconf 85' lang='lat' dir='ltr'><strong>significantes,</strong></span> <span class='ocrx_word' id='word_1_114' title='bbox 1021 2120 1135 2201; x_wconf 89' lang='lat' dir='ltr'><strong>quibus</strong></span> <span class='ocrx_word' id='word_1_115' title='bbox 1158 2120 1286 2200; x_wconf 86' lang='lat' dir='ltr'><strong>expedit</strong></span> <span class='ocrx_word' id='word_1_116' title='bbox 1302 2120 1470 2206; x_wconf 84' lang='lat' dir='ltr'><strong>universis,</strong></span> 
     </span>
     <span class='ocr_line' id='line_1_17' title="bbox 122 2203 1473 2290; baseline 0.002 -22"><span class='ocrx_word' id='word_1_117' title='bbox 122 2203 210 2284; x_wconf 93' lang='lat' dir='ltr'><strong>quod</strong></span> <span class='ocrx_word' id='word_1_118' title='bbox 241 2223 301 2288; x_wconf 93' lang='lat' dir='ltr'><strong>pro</strong></span> <span class='ocrx_word' id='word_1_119' title='bbox 330 2209 422 2287; x_wconf 85' lang='lat' dir='ltr'><strong>parte</strong></span> <span class='ocrx_word' id='word_1_120' title='bbox 451 2213 482 2272; x_wconf 88' lang='lat' dir='ltr'><strong>et</strong></span> <span class='ocrx_word' id='word_1_121' title='bbox 513 2207 545 2270; x_wconf 95' lang='lat' dir='ltr'><strong>in</strong></span> <span class='ocrx_word' id='word_1_122' title='bbox 577 2209 721 2290; x_wconf 88' lang='lat' dir='ltr'><strong>personis</strong></span> <span class='ocrx_word' id='word_1_123' title='bbox 749 2206 971 2289; x_wconf 89' lang='lat' dir='ltr'><strong>religiosorum</strong></span> <span class='ocrx_word' id='word_1_124' title='bbox 1002 2206 1137 2272; x_wconf 79' lang='lat' dir='ltr'><strong>demum</strong></span> <span class='ocrx_word' id='word_1_125' title='bbox 1167 2207 1322 2274; x_wconf 89' lang='lat' dir='ltr'><strong>minorum</strong></span> <span class='ocrx_word' id='word_1_126' title='bbox 1353 2204 1473 2272; x_wconf 86' lang='lat' dir='ltr'><strong>ordinis</strong></span> 
     </span>
     <span class='ocr_line' id='line_1_18' title="bbox 118 2289 1469 2376; baseline 0.001 -21"><span class='ocrx_word' id='word_1_127' title='bbox 118 2289 149 2355; x_wconf 90' lang='lat' dir='ltr'><strong>b.</strong></span> <span class='ocrx_word' id='word_1_128' title='bbox 176 2289 340 2356; x_wconf 81' lang='lat' dir='ltr'><strong>Francisci</strong></span> <span class='ocrx_word' id='word_1_129' title='bbox 362 2293 550 2358; x_wconf 79' lang='lat' dir='ltr'><strong>confessoris</strong></span> <span class='ocrx_word' id='word_1_130' title='bbox 572 2293 604 2357; x_wconf 94' lang='lat' dir='ltr'><strong>in</strong></span> <span class='ocrx_word' id='word_1_131' title='bbox 627 2293 773 2360; x_wconf 90' lang='lat' dir='ltr'><strong>claustris</strong></span> <span class='ocrx_word' id='word_1_132' title='bbox 796 2295 984 2376; x_wconf 87' lang='lat' dir='ltr'><strong>oppidorum</strong></span> <span class='ocrx_word' id='word_1_133' title='bbox 1006 2298 1185 2359; x_wconf 89' lang='lat' dir='ltr'><strong>nestrorum</strong></span> <span class='ocrx_word' id='word_1_134' title='bbox 1201 2293 1336 2374; x_wconf 67' lang='lat' dir='ltr'><strong>Hatsaln</strong></span> <span class='ocrx_word' id='word_1_135' title='bbox 1354 2293 1469 2374; x_wconf 82' lang='lat' dir='ltr'><strong>Chery,</strong></span> 
     </span>
     <span class='ocr_line' id='line_1_19' title="bbox 120 2373 1474 2463; baseline 0.003 -22"><span class='ocrx_word' id='word_1_136' title='bbox 120 2373 225 2442; x_wconf 86' lang='lat' dir='ltr'><strong>Sebes</strong></span> <span class='ocrx_word' id='word_1_137' title='bbox 249 2382 283 2442; x_wconf 88' lang='lat' dir='ltr'><strong>et</strong></span> <span class='ocrx_word' id='word_1_138' title='bbox 305 2376 428 2444; x_wconf 83' lang='lat' dir='ltr'><strong>Orsoua</strong></span> <span class='ocrx_word' id='word_1_139' title='bbox 449 2384 629 2446; x_wconf 82' lang='lat' dir='ltr'><strong>vocatorum</strong></span> <span class='ocrx_word' id='word_1_140' title='bbox 654 2385 842 2448; x_wconf 86' lang='lat' dir='ltr'><strong>constructis</strong></span> <span class='ocrx_word' id='word_1_141' title='bbox 864 2380 1046 2463; x_wconf 89' lang='lat' dir='ltr'><strong>degentium</strong></span> <span class='ocrx_word' id='word_1_142' title='bbox 1068 2379 1227 2446; x_wconf 85' lang='lat' dir='ltr'><strong>exhibitae</strong></span> <span class='ocrx_word' id='word_1_143' title='bbox 1247 2381 1312 2446; x_wconf 89' lang='lat' dir='ltr'><strong>siut</strong></span> <span class='ocrx_word' id='word_1_144' title='bbox 1333 2381 1425 2446; x_wconf 87' lang='lat' dir='ltr'><strong>nobis</strong></span> <span class='ocrx_word' id='word_1_145' title='bbox 1441 2385 1474 2445; x_wconf 91' lang='lat' dir='ltr'><strong>et</strong></span> 
     </span>
     <span class='ocr_line' id='line_1_20' title="bbox 118 2465 1470 2550; baseline 0.001 -22"><span class='ocrx_word' id='word_1_146' title='bbox 118 2469 347 2545; x_wconf 85' lang='lat' dir='ltr'><strong>praesentatae</strong></span> <span class='ocrx_word' id='word_1_147' title='bbox 378 2466 531 2547; x_wconf 83' lang='lat' dir='ltr'><strong>quasdam</strong></span> <span class='ocrx_word' id='word_1_148' title='bbox 562 2465 689 2534; x_wconf 82' lang='lat' dir='ltr'><strong>litterae</strong></span> <span class='ocrx_word' id='word_1_149' title='bbox 719 2466 859 2550; x_wconf 90' lang='lat' dir='ltr'><strong>magnici</strong></span> <span class='ocrx_word' id='word_1_150' title='bbox 888 2468 1021 2533; x_wconf 88' lang='lat' dir='ltr'><strong>condam</strong></span> <span class='ocrx_word' id='word_1_151' title='bbox 1052 2465 1192 2534; x_wconf 88' lang='lat' dir='ltr'><strong>Ladielai</strong></span> <span class='ocrx_word' id='word_1_152' title='bbox 1219 2466 1258 2533; x_wconf 89' lang='lat' dir='ltr'><strong>de</strong></span> <span class='ocrx_word' id='word_1_153' title='bbox 1283 2465 1374 2532; x_wconf 81' lang='lat' dir='ltr'><strong>char</strong></span> <span class='ocrx_word' id='word_1_154' title='bbox 1395 2465 1470 2532; x_wconf 91' lang='lat' dir='ltr'><strong>olim</strong></span> 
     </span>
     <span class='ocr_line' id='line_1_21' title="bbox 119 2550 1474 2636; baseline 0.004 -23"><span class='ocrx_word' id='word_1_155' title='bbox 119 2550 295 2630; x_wconf 81' lang='lat' dir='ltr'><strong>uaysodae</strong></span> <span class='ocrx_word' id='word_1_156' title='bbox 325 2550 574 2634; x_wconf 82' lang='lat' dir='ltr'><strong>&#39;l&#39;ransylvaniae</strong></span> <span class='ocrx_word' id='word_1_157' title='bbox 603 2559 637 2618; x_wconf 88' lang='lat' dir='ltr'><strong>et</strong></span> <span class='ocrx_word' id='word_1_158' title='bbox 666 2554 790 2619; x_wconf 90' lang='lat' dir='ltr'><strong>comitis</strong></span> <span class='ocrx_word' id='word_1_159' title='bbox 820 2555 860 2618; x_wconf 94' lang='lat' dir='ltr'><strong>de</strong></span> <span class='ocrx_word' id='word_1_160' title='bbox 889 2553 1009 2618; x_wconf 82' lang='lat' dir='ltr'><strong>Zolnolr</strong></span> <span class='ocrx_word' id='word_1_161' title='bbox 1038 2553 1071 2617; x_wconf 92' lang='lat' dir='ltr'><strong>in</strong></span> <span class='ocrx_word' id='word_1_162' title='bbox 1102 2571 1291 2636; x_wconf 85' lang='lat' dir='ltr'><strong>pergameno</strong></span> <span class='ocrx_word' id='word_1_163' title='bbox 1326 2557 1474 2634; x_wconf 87' lang='lat' dir='ltr'><strong>patenter</strong></span> 
     </span>
     <span class='ocr_line' id='line_1_22' title="bbox 120 2635 1469 2722; baseline 0.002 -21"><span class='ocrx_word' id='word_1_164' title='bbox 120 2635 287 2703; x_wconf 79' lang='lat' dir='ltr'><strong>coniectae</strong></span> <span class='ocrx_word' id='word_1_165' title='bbox 318 2637 486 2720; x_wconf 77' lang='lat' dir='ltr'><strong>sigilloque</strong></span> <span class='ocrx_word' id='word_1_166' title='bbox 517 2640 659 2706; x_wconf 89' lang='lat' dir='ltr'><strong>eiusdem</strong></span> <span class='ocrx_word' id='word_1_167' title='bbox 690 2640 894 2722; x_wconf 85' lang='lat' dir='ltr'><strong>consignatae</strong></span> <span class='ocrx_word' id='word_1_168' title='bbox 916 2640 1036 2705; x_wconf 87' lang='lat' dir='ltr'><strong>tenoris</strong></span> <span class='ocrx_word' id='word_1_169' title='bbox 1057 2640 1265 2721; x_wconf 86' lang='lat' dir='ltr'><strong>quarumdam</strong></span> <span class='ocrx_word' id='word_1_170' title='bbox 1288 2639 1469 2706; x_wconf 90' lang='lat' dir='ltr'><strong>litterarum</strong></span> 
     </span>
     <span class='ocr_line' id='line_1_23' title="bbox 118 2722 1469 2810; baseline 0.003 -23"><span class='ocrx_word' id='word_1_171' title='bbox 118 2722 226 2790; x_wconf 80' lang='lat' dir='ltr'><strong>felicis</strong></span> <span class='ocrx_word' id='word_1_172' title='bbox 249 2725 421 2791; x_wconf 89' lang='lat' dir='ltr'><strong>memoriae</strong></span> <span class='ocrx_word' id='word_1_173' title='bbox 451 2725 643 2794; x_wconf 83' lang='lat' dir='ltr'><strong>serenissimi</strong></span> <span class='ocrx_word' id='word_1_174' title='bbox 673 2727 823 2810; x_wconf 88' lang='lat' dir='ltr'><strong>principis</strong></span> <span class='ocrx_word' id='word_1_175' title='bbox 847 2725 978 2792; x_wconf 89' lang='lat' dir='ltr'><strong>condam</strong></span> <span class='ocrx_word' id='word_1_176' title='bbox 1002 2725 1120 2791; x_wconf 92' lang='lat' dir='ltr'><strong>domini</strong></span> <span class='ocrx_word' id='word_1_177' title='bbox 1143 2725 1347 2805; x_wconf 79' lang='lat' dir='ltr'><strong>sigismundi,</strong></span> <span class='ocrx_word' id='word_1_178' title='bbox 1371 2726 1469 2807; x_wconf 80' lang='lat' dir='ltr'><strong>impe</strong></span> 
     </span>
     <span class='ocr_line' id='line_1_24' title="bbox 118 2810 1472 2896; baseline 0.001 -20"><span class='ocrx_word' id='word_1_179' title='bbox 118 2810 239 2876; x_wconf 82' lang='lat' dir='ltr'><strong>ratoris</strong></span> <span class='ocrx_word' id='word_1_180' title='bbox 261 2811 477 2877; x_wconf 86' lang='lat' dir='ltr'><strong>Romanorum</strong></span> <span class='ocrx_word' id='word_1_181' title='bbox 508 2831 545 2879; x_wconf 89' lang='lat' dir='ltr'><strong>ae</strong></span> <span class='ocrx_word' id='word_1_182' title='bbox 577 2814 730 2879; x_wconf 91' lang='lat' dir='ltr'><strong>dictorum</strong></span> <span class='ocrx_word' id='word_1_183' title='bbox 761 2831 930 2896; x_wconf 89' lang='lat' dir='ltr'><strong>regnorum</strong></span> <span class='ocrx_word' id='word_1_184' title='bbox 960 2811 1150 2894; x_wconf 86' lang='lat' dir='ltr'><strong>Hungariae,</strong></span> <span class='ocrx_word' id='word_1_185' title='bbox 1174 2812 1344 2878; x_wconf 90' lang='lat' dir='ltr'><strong>Bohcmiae</strong></span> <span class='ocrx_word' id='word_1_186' title='bbox 1374 2816 1472 2896; x_wconf 86' lang='lat' dir='ltr'><strong>regis,</strong></span> 
     </span>
     <span class='ocr_line' id='line_1_25' title="bbox 118 2898 1469 2979; baseline 0.001 -17"><span class='ocrx_word' id='word_1_187' title='bbox 118 2914 218 2978; x_wconf 89' lang='lat' dir='ltr'><strong>super</strong></span> <span class='ocrx_word' id='word_1_188' title='bbox 241 2899 433 2979; x_wconf 88' lang='lat' dir='ltr'><strong>quibusdam</strong></span> <span class='ocrx_word' id='word_1_189' title='bbox 455 2900 626 2966; x_wconf 77' lang='lat' dir='ltr'><strong>annuentis</strong></span> <span class='ocrx_word' id='word_1_190' title='bbox 650 2905 682 2966; x_wconf 93' lang='lat' dir='ltr'><strong>et</strong></span> <span class='ocrx_word' id='word_1_191' title='bbox 704 2901 903 2966; x_wconf 88' lang='lat' dir='ltr'><strong>concessione</strong></span> <span class='ocrx_word' id='word_1_192' title='bbox 933 2919 970 2966; x_wconf 91' lang='lat' dir='ltr'><strong>ac</strong></span> <span class='ocrx_word' id='word_1_193' title='bbox 992 2898 1193 2966; x_wconf 83' lang='lat' dir='ltr'><strong>libertatibus</strong></span> <span class='ocrx_word' id='word_1_194' title='bbox 1216 2905 1249 2963; x_wconf 88' lang='lat' dir='ltr'><strong>et</strong></span> <span class='ocrx_word' id='word_1_195' title='bbox 1271 2899 1469 2974; x_wconf 88' lang='lat' dir='ltr'><strong>constitutio·</strong></span> 
     </span>
     <span class='ocr_line' id='line_1_26' title="bbox 120 2984 1470 3070; baseline 0.002 -23"><span class='ocrx_word' id='word_1_196' title='bbox 120 2984 217 3048; x_wconf 88' lang='lat' dir='ltr'><strong>nibus</strong></span> <span class='ocrx_word' id='word_1_197' title='bbox 249 2989 468 3052; x_wconf 81' lang='lat' dir='ltr'><strong>emanaturum</strong></span> <span class='ocrx_word' id='word_1_198' title='bbox 499 2992 732 3070; x_wconf 88' lang='lat' dir='ltr'><strong>transumptum</strong></span> <span class='ocrx_word' id='word_1_199' title='bbox 762 2989 794 3050; x_wconf 93' lang='lat' dir='ltr'><strong>in</strong></span> <span class='ocrx_word' id='word_1_200' title='bbox 824 3005 858 3052; x_wconf 89' lang='lat' dir='ltr'><strong>se</strong></span> <span class='ocrx_word' id='word_1_201' title='bbox 889 2986 1084 3052; x_wconf 82' lang='lat' dir='ltr'><strong>continentes</strong></span> <span class='ocrx_word' id='word_1_202' title='bbox 1116 2985 1235 3050; x_wconf 86' lang='lat' dir='ltr'><strong>tenoris</strong></span> <span class='ocrx_word' id='word_1_203' title='bbox 1264 2985 1470 3068; x_wconf 84' lang='lat' dir='ltr'><strong>infrascripti,</strong></span> 
     </span>
     <span class='ocr_line' id='line_1_27' title="bbox 119 3069 1471 3156; baseline 0.001 -21"><span class='ocrx_word' id='word_1_204' title='bbox 119 3069 398 3153; x_wconf 87' lang='lat' dir='ltr'><strong>supplicatumque</strong></span> <span class='ocrx_word' id='word_1_205' title='bbox 421 3072 525 3137; x_wconf 84' lang='lat' dir='ltr'><strong>estitit</strong></span> <span class='ocrx_word' id='word_1_206' title='bbox 547 3074 707 3138; x_wconf 89' lang='lat' dir='ltr'><strong>maiestati</strong></span> <span class='ocrx_word' id='word_1_207' title='bbox 731 3079 856 3138; x_wconf 85' lang='lat' dir='ltr'><strong>nostrae</strong></span> <span class='ocrx_word' id='word_1_208' title='bbox 877 3072 911 3138; x_wconf 94' lang='lat' dir='ltr'><strong>in</strong></span> <span class='ocrx_word' id='word_1_209' title='bbox 926 3073 1069 3156; x_wconf 87' lang='lat' dir='ltr'><strong>personis</strong></span> <span class='ocrx_word' id='word_1_210' title='bbox 1085 3071 1317 3154; x_wconf 88' lang='lat' dir='ltr'><strong>praedictorum</strong></span> <span class='ocrx_word' id='word_1_211' title='bbox 1333 3071 1471 3138; x_wconf 89' lang='lat' dir='ltr'><strong>fratrum</strong></span> 
     </span>
     <span class='ocr_line' id='line_1_28' title="bbox 119 3155 1471 3242; baseline 0.003 -22"><span class='ocrx_word' id='word_1_212' title='bbox 119 3155 296 3238; x_wconf 83' lang='lat' dir='ltr'><strong>humiliter,</strong></span> <span class='ocrx_word' id='word_1_213' title='bbox 327 3166 363 3223; x_wconf 87' lang='lat' dir='ltr'><strong>ut</strong></span> <span class='ocrx_word' id='word_1_214' title='bbox 391 3160 518 3224; x_wconf 89' lang='lat' dir='ltr'><strong>easdem</strong></span> <span class='ocrx_word' id='word_1_215' title='bbox 549 3157 675 3226; x_wconf 88' lang='lat' dir='ltr'><strong>litteras</strong></span> <span class='ocrx_word' id='word_1_216' title='bbox 703 3160 803 3242; x_wconf 89' lang='lat' dir='ltr'><strong>ipsius</strong></span> <span class='ocrx_word' id='word_1_217' title='bbox 832 3159 972 3226; x_wconf 89' lang='lat' dir='ltr'><strong>Ladislai</strong></span> <span class='ocrx_word' id='word_1_218' title='bbox 1004 3161 1044 3224; x_wconf 92' lang='lat' dir='ltr'><strong>de</strong></span> <span class='ocrx_word' id='word_1_219' title='bbox 1067 3157 1158 3226; x_wconf 82' lang='lat' dir='ltr'><strong>Ghak</strong></span> <span class='ocrx_word' id='word_1_220' title='bbox 1187 3163 1282 3238; x_wconf 88' lang='lat' dir='ltr'><strong>ratas,</strong></span> <span class='ocrx_word' id='word_1_221' title='bbox 1304 3163 1414 3240; x_wconf 88' lang='lat' dir='ltr'><strong>gratas</strong></span> <span class='ocrx_word' id='word_1_222' title='bbox 1437 3165 1471 3224; x_wconf 90' lang='lat' dir='ltr'><strong>et</strong></span> 
     </span>
     <span class='ocr_line' id='line_1_29' title="bbox 119 3244 1472 3328; baseline 0.001 -20"><span class='ocrx_word' id='word_1_223' title='bbox 119 3249 270 3327; x_wconf 87' lang='lat' dir='ltr'><strong>acceptas</strong></span> <span class='ocrx_word' id='word_1_224' title='bbox 301 3244 426 3328; x_wconf 89' lang='lat' dir='ltr'><strong>habere,</strong></span> <span class='ocrx_word' id='word_1_225' title='bbox 457 3244 636 3328; x_wconf 87' lang='lat' dir='ltr'><strong>litterisque</strong></span> <span class='ocrx_word' id='word_1_226' title='bbox 667 3247 785 3311; x_wconf 86' lang='lat' dir='ltr'><strong>nostris</strong></span> <span class='ocrx_word' id='word_1_227' title='bbox 816 3245 1065 3327; x_wconf 88' lang='lat' dir='ltr'><strong>privilegialibus</strong></span> <span class='ocrx_word' id='word_1_228' title='bbox 1094 3245 1284 3310; x_wconf 90' lang='lat' dir='ltr'><strong>verbotenus</strong></span> <span class='ocrx_word' id='word_1_229' title='bbox 1317 3245 1413 3311; x_wconf 89' lang='lat' dir='ltr'><strong>inseri</strong></span> <span class='ocrx_word' id='word_1_230' title='bbox 1438 3249 1472 3310; x_wconf 87' lang='lat' dir='ltr'><strong>et</strong></span> 
     </span>
     <span class='ocr_line' id='line_1_30' title="bbox 118 3329 1470 3416; baseline 0.001 -20"><span class='ocrx_word' id='word_1_231' title='bbox 118 3331 312 3396; x_wconf 87' lang='lat' dir='ltr'><strong>transummi</strong></span> <span class='ocrx_word' id='word_1_232' title='bbox 334 3331 485 3398; x_wconf 87' lang='lat' dir='ltr'><strong>iacientes</strong></span> <span class='ocrx_word' id='word_1_233' title='bbox 514 3352 573 3416; x_wconf 91' lang='lat' dir='ltr'><strong>pro</strong></span> <span class='ocrx_word' id='word_1_234' title='bbox 603 3332 722 3398; x_wconf 88' lang='lat' dir='ltr'><strong>eisdem</strong></span> <span class='ocrx_word' id='word_1_235' title='bbox 750 3331 902 3398; x_wconf 85' lang='lat' dir='ltr'><strong>iratribus</strong></span> <span class='ocrx_word' id='word_1_236' title='bbox 932 3331 1111 3398; x_wconf 87' lang='lat' dir='ltr'><strong>innovando</strong></span> <span class='ocrx_word' id='word_1_237' title='bbox 1138 3337 1291 3414; x_wconf 88' lang='lat' dir='ltr'><strong>perpetue</strong></span> <span class='ocrx_word' id='word_1_238' title='bbox 1314 3329 1470 3398; x_wconf 84' lang='lat' dir='ltr'><strong>valiturae</strong></span> 
     </span>
     <span class='ocr_line' id='line_1_31' title="bbox 119 3416 1368 3502; baseline -0.002 -20"><span class='ocrx_word' id='word_1_239' title='bbox 119 3417 312 3484; x_wconf 89' lang='lat' dir='ltr'><strong>confirmare</strong></span> <span class='ocrx_word' id='word_1_240' title='bbox 333 3418 546 3500; x_wconf 88' lang='lat' dir='ltr'><strong>dignaremur.</strong></span> <span class='ocrx_word' id='word_1_241' title='bbox 571 3418 712 3497; x_wconf 85' lang='lat' dir='ltr'><strong>Quarum</strong></span> <span class='ocrx_word' id='word_1_242' title='bbox 735 3418 863 3502; x_wconf 86' lang='lat' dir='ltr'><strong>quidem</strong></span> <span class='ocrx_word' id='word_1_243' title='bbox 884 3418 1065 3486; x_wconf 89' lang='lat' dir='ltr'><strong>litterarum</strong></span> <span class='ocrx_word' id='word_1_244' title='bbox 1087 3427 1179 3484; x_wconf 91' lang='lat' dir='ltr'><strong>tenor</strong></span> <span class='ocrx_word' id='word_1_245' title='bbox 1204 3416 1278 3484; x_wconf 87' lang='lat' dir='ltr'><strong>talis</strong></span> <span class='ocrx_word' id='word_1_246' title='bbox 1301 3423 1368 3484; x_wconf 88' lang='lat' dir='ltr'><strong>cst:</strong></span> 
     </span>
    </p>
   </div>
   <div class='ocr_carea' id='block_1_10' title="bbox 117 3521 1474 4388">
    <p class='ocr_par' dir='ltr' id='par_1_10' title="bbox 117 3521 1474 4388">
     <span class='ocr_line' id='line_1_32' title="bbox 185 3521 1472 3607; baseline 0.001 -20"><span class='ocrx_word' id='word_1_247' title='bbox 185 3521 255 3588; x_wconf 88' lang='lat' dir='ltr'><strong>Nos</strong></span> <span class='ocrx_word' id='word_1_248' title='bbox 278 3521 447 3590; x_wconf 76' lang='lat' dir='ltr'><strong>ladislaus</strong></span> <span class='ocrx_word' id='word_1_249' title='bbox 477 3523 517 3589; x_wconf 92' lang='lat' dir='ltr'><strong>de</strong></span> <span class='ocrx_word' id='word_1_250' title='bbox 547 3521 646 3607; x_wconf 75' lang='lat' dir='ltr'><strong>Chalc,</strong></span> <span class='ocrx_word' id='word_1_251' title='bbox 677 3523 819 3590; x_wconf 83' lang='lat' dir='ltr'><strong>uaiuoda</strong></span> <span class='ocrx_word' id='word_1_252' title='bbox 849 3523 1077 3607; x_wconf 85' lang='lat' dir='ltr'><strong>Transylvanie</strong></span> <span class='ocrx_word' id='word_1_253' title='bbox 1104 3529 1136 3588; x_wconf 92' lang='lat' dir='ltr'><strong>et</strong></span> <span class='ocrx_word' id='word_1_254' title='bbox 1158 3541 1261 3590; x_wconf 88' lang='lat' dir='ltr'><strong>cemes</strong></span> <span class='ocrx_word' id='word_1_255' title='bbox 1285 3523 1323 3590; x_wconf 92' lang='lat' dir='ltr'><strong>de</strong></span> <span class='ocrx_word' id='word_1_256' title='bbox 1347 3521 1472 3588; x_wconf 86' lang='lat' dir='ltr'><strong>Zolnok</strong></span> 
     </span>
     <span class='ocr_line' id='line_1_33' title="bbox 118 3609 1472 3692; baseline 0.001 -20"><span class='ocrx_word' id='word_1_257' title='bbox 118 3609 294 3674; x_wconf 85' lang='lat' dir='ltr'><strong>memoriae</strong></span> <span class='ocrx_word' id='word_1_258' title='bbox 317 3611 571 3677; x_wconf 89' lang='lat' dir='ltr'><strong>commendamus</strong></span> <span class='ocrx_word' id='word_1_259' title='bbox 593 3615 702 3676; x_wconf 90' lang='lat' dir='ltr'><strong>tenore</strong></span> <span class='ocrx_word' id='word_1_260' title='bbox 725 3611 942 3692; x_wconf 89' lang='lat' dir='ltr'><strong>praesentium</strong></span> <span class='ocrx_word' id='word_1_261' title='bbox 963 3609 1187 3692; x_wconf 81' lang='lat' dir='ltr'><strong>significantes,</strong></span> <span class='ocrx_word' id='word_1_262' title='bbox 1212 3609 1326 3692; x_wconf 86' lang='lat' dir='ltr'><strong>quibus</strong></span> <span class='ocrx_word' id='word_1_263' title='bbox 1342 3609 1472 3692; x_wconf 89' lang='lat' dir='ltr'><strong>expedit</strong></span> 
     </span>
     <span class='ocr_line' id='line_1_34' title="bbox 118 3695 1473 3781; baseline 0.003 -21"><span class='ocrx_word' id='word_1_264' title='bbox 118 3695 290 3777; x_wconf 82' lang='lat' dir='ltr'><strong>uniuersis,</strong></span> <span class='ocrx_word' id='word_1_265' title='bbox 322 3698 405 3778; x_wconf 92' lang='lat' dir='ltr'><strong>quod</strong></span> <span class='ocrx_word' id='word_1_266' title='bbox 435 3699 597 3762; x_wconf 87' lang='lat' dir='ltr'><strong>venientes</strong></span> <span class='ocrx_word' id='word_1_267' title='bbox 626 3702 768 3763; x_wconf 87' lang='lat' dir='ltr'><strong>nostram</strong></span> <span class='ocrx_word' id='word_1_268' title='bbox 798 3697 830 3762; x_wconf 91' lang='lat' dir='ltr'><strong>in</strong></span> <span class='ocrx_word' id='word_1_269' title='bbox 860 3699 1074 3781; x_wconf 89' lang='lat' dir='ltr'><strong>praesentiam</strong></span> <span class='ocrx_word' id='word_1_270' title='bbox 1104 3695 1246 3775; x_wconf 76' lang='lat' dir='ltr'><strong>religiosi</strong></span> <span class='ocrx_word' id='word_1_271' title='bbox 1272 3696 1332 3761; x_wconf 84' lang='lat' dir='ltr'><strong>viri</strong></span> <span class='ocrx_word' id='word_1_272' title='bbox 1355 3695 1473 3764; x_wconf 82' lang='lat' dir='ltr'><strong>fratres</strong></span> 
     </span>
     <span class='ocr_line' id='line_1_35' title="bbox 118 3781 1474 3850; baseline 0.002 -3"><span class='ocrx_word' id='word_1_273' title='bbox 118 3782 241 3848; x_wconf 87' lang='lat' dir='ltr'><strong>ordinis</strong></span> <span class='ocrx_word' id='word_1_274' title='bbox 266 3802 291 3848; x_wconf 90' lang='lat' dir='ltr'><strong>s.</strong></span> <span class='ocrx_word' id='word_1_275' title='bbox 316 3781 477 3850; x_wconf 83' lang='lat' dir='ltr'><strong>Franclsci</strong></span> <span class='ocrx_word' id='word_1_276' title='bbox 499 3783 687 3850; x_wconf 79' lang='lat' dir='ltr'><strong>confessoris</strong></span> <span class='ocrx_word' id='word_1_277' title='bbox 710 3784 867 3849; x_wconf 92' lang='lat' dir='ltr'><strong>minorum</strong></span> <span class='ocrx_word' id='word_1_278' title='bbox 889 3784 929 3850; x_wconf 89' lang='lat' dir='ltr'><strong>de</strong></span> <span class='ocrx_word' id='word_1_279' title='bbox 952 3783 1090 3850; x_wconf 88' lang='lat' dir='ltr'><strong>claustro</strong></span> <span class='ocrx_word' id='word_1_280' title='bbox 1112 3783 1153 3849; x_wconf 90' lang='lat' dir='ltr'><strong>de</strong></span> <span class='ocrx_word' id='word_1_281' title='bbox 1176 3781 1298 3849; x_wconf 88' lang='lat' dir='ltr'><strong>Hatsalr</strong></span> <span class='ocrx_word' id='word_1_282' title='bbox 1322 3783 1474 3850; x_wconf 78' lang='lat' dir='ltr'><strong>exhibue-</strong></span> 
     </span>
     <span class='ocr_line' id='line_1_36' title="bbox 117 3867 1471 3954; baseline 0.001 -21"><span class='ocrx_word' id='word_1_283' title='bbox 117 3875 194 3934; x_wconf 86' lang='lat' dir='ltr'><strong>runt</strong></span> <span class='ocrx_word' id='word_1_284' title='bbox 216 3869 311 3935; x_wconf 90' lang='lat' dir='ltr'><strong>nobis</strong></span> <span class='ocrx_word' id='word_1_285' title='bbox 335 3871 485 3952; x_wconf 89' lang='lat' dir='ltr'><strong>quasdam</strong></span> <span class='ocrx_word' id='word_1_286' title='bbox 508 3869 634 3938; x_wconf 87' lang='lat' dir='ltr'><strong>litteras</strong></span> <span class='ocrx_word' id='word_1_287' title='bbox 656 3871 851 3936; x_wconf 86' lang='lat' dir='ltr'><strong>serenissimi</strong></span> <span class='ocrx_word' id='word_1_288' title='bbox 873 3871 1023 3954; x_wconf 90' lang='lat' dir='ltr'><strong>principis</strong></span> <span class='ocrx_word' id='word_1_289' title='bbox 1046 3875 1078 3936; x_wconf 92' lang='lat' dir='ltr'><strong>et</strong></span> <span class='ocrx_word' id='word_1_290' title='bbox 1094 3869 1221 3947; x_wconf 90' lang='lat' dir='ltr'><strong>domini,</strong></span> <span class='ocrx_word' id='word_1_291' title='bbox 1238 3869 1357 3934; x_wconf 90' lang='lat' dir='ltr'><strong>domini</strong></span> <span class='ocrx_word' id='word_1_292' title='bbox 1373 3867 1471 3950; x_wconf 84' lang='lat' dir='ltr'><strong>Sigis-</strong></span> 
     </span>
     <span class='ocr_line' id='line_1_37' title="bbox 118 3955 1469 4040; baseline 0.001 -20"><span class='ocrx_word' id='word_1_293' title='bbox 118 3955 231 4022; x_wconf 92' lang='lat' dir='ltr'><strong>mundi</strong></span> <span class='ocrx_word' id='word_1_294' title='bbox 257 3956 318 4020; x_wconf 89' lang='lat' dir='ltr'><strong>Dei</strong></span> <span class='ocrx_word' id='word_1_295' title='bbox 347 3957 451 4037; x_wconf 86' lang='lat' dir='ltr'><strong>gratia</strong></span> <span class='ocrx_word' id='word_1_296' title='bbox 482 3957 695 4023; x_wconf 90' lang='lat' dir='ltr'><strong>Romanorum</strong></span> <span class='ocrx_word' id='word_1_297' title='bbox 717 3956 803 4038; x_wconf 83' lang='lat' dir='ltr'><strong>regis</strong></span> <span class='ocrx_word' id='word_1_298' title='bbox 833 3975 959 4040; x_wconf 89' lang='lat' dir='ltr'><strong>semper</strong></span> <span class='ocrx_word' id='word_1_299' title='bbox 980 3956 1108 4040; x_wconf 84' lang='lat' dir='ltr'><strong>augusti</strong></span> <span class='ocrx_word' id='word_1_300' title='bbox 1131 3974 1168 4020; x_wconf 92' lang='lat' dir='ltr'><strong>ac</strong></span> <span class='ocrx_word' id='word_1_301' title='bbox 1190 3955 1384 4037; x_wconf 89' lang='lat' dir='ltr'><strong>Hungariae‚</strong></span> <span class='ocrx_word' id='word_1_302' title='bbox 1408 3956 1469 4022; x_wconf 90' lang='lat' dir='ltr'><strong>Bo·</strong></span> 
     </span>
     <span class='ocr_line' id='line_1_38' title="bbox 117 4041 1473 4128; baseline 0.003 -22"><span class='ocrx_word' id='word_1_303' title='bbox 117 4042 258 4123; x_wconf 88' lang='lat' dir='ltr'><strong>hemiae,</strong></span> <span class='ocrx_word' id='word_1_304' title='bbox 283 4041 474 4124; x_wconf 86' lang='lat' dir='ltr'><strong>Dalmatiae,</strong></span> <span class='ocrx_word' id='word_1_305' title='bbox 498 4043 645 4112; x_wconf 75' lang='lat' dir='ltr'><strong>Orestide</strong></span> <span class='ocrx_word' id='word_1_306' title='bbox 679 4053 737 4110; x_wconf 89' lang='lat' dir='ltr'><strong>etc.</strong></span> <span class='ocrx_word' id='word_1_307' title='bbox 761 4045 856 4128; x_wconf 87' lang='lat' dir='ltr'><strong>regis,</strong></span> <span class='ocrx_word' id='word_1_308' title='bbox 879 4044 998 4110; x_wconf 92' lang='lat' dir='ltr'><strong>domini</strong></span> <span class='ocrx_word' id='word_1_309' title='bbox 1021 4043 1119 4110; x_wconf 87' lang='lat' dir='ltr'><strong>nostri</strong></span> <span class='ocrx_word' id='word_1_310' title='bbox 1143 4041 1331 4110; x_wconf 86' lang='lat' dir='ltr'><strong>naturaliter</strong></span> <span class='ocrx_word' id='word_1_311' title='bbox 1353 4043 1473 4125; x_wconf 88' lang='lat' dir='ltr'><strong>gratie-</strong></span> 
     </span>
     <span class='ocr_line' id='line_1_39' title="bbox 118 4129 1471 4214; baseline 0.001 -22"><span class='ocrx_word' id='word_1_312' title='bbox 118 4129 240 4194; x_wconf 89' lang='lat' dir='ltr'><strong>sissimi</strong></span> <span class='ocrx_word' id='word_1_313' title='bbox 262 4135 411 4212; x_wconf 87' lang='lat' dir='ltr'><strong>patenter</strong></span> <span class='ocrx_word' id='word_1_314' title='bbox 433 4136 605 4210; x_wconf 86' lang='lat' dir='ltr'><strong>emanatas,</strong></span> <span class='ocrx_word' id='word_1_315' title='bbox 629 4136 774 4214; x_wconf 88' lang='lat' dir='ltr'><strong>petentes</strong></span> <span class='ocrx_word' id='word_1_316' title='bbox 796 4149 853 4198; x_wconf 89' lang='lat' dir='ltr'><strong>nos</strong></span> <span class='ocrx_word' id='word_1_317' title='bbox 875 4129 988 4196; x_wconf 91' lang='lat' dir='ltr'><strong>humili</strong></span> <span class='ocrx_word' id='word_1_318' title='bbox 1010 4147 1139 4214; x_wconf 90' lang='lat' dir='ltr'><strong>precum</strong></span> <span class='ocrx_word' id='word_1_319' title='bbox 1162 4147 1233 4195; x_wconf 90' lang='lat' dir='ltr'><strong>cum</strong></span> <span class='ocrx_word' id='word_1_320' title='bbox 1255 4129 1417 4208; x_wconf 85' lang='lat' dir='ltr'><strong>instantia,</strong></span> <span class='ocrx_word' id='word_1_321' title='bbox 1435 4135 1471 4197; x_wconf 90' lang='lat' dir='ltr'><strong>ut</strong></span> 
     </span>
     <span class='ocr_line' id='line_1_40' title="bbox 124 4215 1473 4299; baseline 0.001 -18"><span class='ocrx_word' id='word_1_322' title='bbox 124 4234 180 4282; x_wconf 89' lang='lat' dir='ltr'><strong>uos</strong></span> <span class='ocrx_word' id='word_1_323' title='bbox 202 4221 346 4282; x_wconf 85' lang='lat' dir='ltr'><strong>tenorem</strong></span> <span class='ocrx_word' id='word_1_324' title='bbox 370 4219 551 4284; x_wconf 88' lang='lat' dir='ltr'><strong>earumdem</strong></span> <span class='ocrx_word' id='word_1_325' title='bbox 574 4217 754 4285; x_wconf 87' lang='lat' dir='ltr'><strong>litterarum</strong></span> <span class='ocrx_word' id='word_1_326' title='bbox 777 4218 854 4285; x_wconf 90' lang='lat' dir='ltr'><strong>dicti</strong></span> <span class='ocrx_word' id='word_1_327' title='bbox 877 4217 997 4284; x_wconf 90' lang='lat' dir='ltr'><strong>domini</strong></span> <span class='ocrx_word' id='word_1_328' title='bbox 1013 4215 1112 4284; x_wconf 89' lang='lat' dir='ltr'><strong>nostri</strong></span> <span class='ocrx_word' id='word_1_329' title='bbox 1128 4217 1213 4298; x_wconf 89' lang='lat' dir='ltr'><strong>regis</strong></span> <span class='ocrx_word' id='word_1_330' title='bbox 1228 4217 1262 4284; x_wconf 91' lang='lat' dir='ltr'><strong>iu</strong></span> <span class='ocrx_word' id='word_1_331' title='bbox 1278 4217 1473 4299; x_wconf 88' lang='lat' dir='ltr'><strong>transcripto</strong></span> 
     </span>
     <span class='ocr_line' id='line_1_41' title="bbox 120 4301 1471 4388; baseline 0.001 -21"><span class='ocrx_word' id='word_1_332' title='bbox 120 4301 305 4368; x_wconf 86' lang='lat' dir='ltr'><strong>litterarum</strong></span> <span class='ocrx_word' id='word_1_333' title='bbox 327 4305 505 4386; x_wconf 88' lang='lat' dir='ltr'><strong>patentium</strong></span> <span class='ocrx_word' id='word_1_334' title='bbox 528 4307 605 4372; x_wconf 91' lang='lat' dir='ltr'><strong>dare</strong></span> <span class='ocrx_word' id='word_1_335' title='bbox 621 4306 832 4388; x_wconf 87' lang='lat' dir='ltr'><strong>dignaremur.</strong></span> <span class='ocrx_word' id='word_1_336' title='bbox 857 4305 998 4383; x_wconf 85' lang='lat' dir='ltr'><strong>Quarum</strong></span> <span class='ocrx_word' id='word_1_337' title='bbox 1013 4309 1104 4370; x_wconf 91' lang='lat' dir='ltr'><strong>tenor</strong></span> <span class='ocrx_word' id='word_1_338' title='bbox 1121 4321 1178 4387; x_wconf 92' lang='lat' dir='ltr'><strong>per</strong></span> <span class='ocrx_word' id='word_1_339' title='bbox 1193 4303 1298 4369; x_wconf 91' lang='lat' dir='ltr'><strong>emnia</strong></span> <span class='ocrx_word' id='word_1_340' title='bbox 1313 4301 1388 4370; x_wconf 89' lang='lat' dir='ltr'><strong>talis</strong></span> <span class='ocrx_word' id='word_1_341' title='bbox 1403 4307 1471 4368; x_wconf 88' lang='lat' dir='ltr'><strong>est:</strong></span> 
     </span>
    </p>
   </div>
   <div class='ocr_carea' id='block_1_11' title="bbox 120 4405 1474 4667">
    <p class='ocr_par' dir='ltr' id='par_1_11' title="bbox 120 4405 1474 4667">
     <span class='ocr_line' id='line_1_42' title="bbox 187 4405 1474 4493; baseline 0.002 -22"><span class='ocrx_word' id='word_1_342' title='bbox 187 4405 254 4473; x_wconf 87' lang='lat' dir='ltr'><strong>Nos</strong></span> <span class='ocrx_word' id='word_1_343' title='bbox 285 4407 507 4492; x_wconf 76' lang='lat' dir='ltr'><strong>sigismundus</strong></span> <span class='ocrx_word' id='word_1_344' title='bbox 536 4409 598 4476; x_wconf 89' lang='lat' dir='ltr'><strong>Dei</strong></span> <span class='ocrx_word' id='word_1_345' title='bbox 628 4409 733 4493; x_wconf 86' lang='lat' dir='ltr'><strong>gratia</strong></span> <span class='ocrx_word' id='word_1_346' title='bbox 761 4411 976 4477; x_wconf 89' lang='lat' dir='ltr'><strong>Romanorum</strong></span> <span class='ocrx_word' id='word_1_347' title='bbox 1005 4427 1062 4474; x_wconf 89' lang='lat' dir='ltr'><strong>rex</strong></span> <span class='ocrx_word' id='word_1_348' title='bbox 1091 4425 1216 4490; x_wconf 90' lang='lat' dir='ltr'><strong>semper</strong></span> <span class='ocrx_word' id='word_1_349' title='bbox 1247 4411 1400 4488; x_wconf 88' lang='lat' dir='ltr'><strong>augustus</strong></span> <span class='ocrx_word' id='word_1_350' title='bbox 1436 4425 1474 4474; x_wconf 88' lang='lat' dir='ltr'><strong>ac</strong></span> 
     </span>
     <span class='ocr_line' id='line_1_43' title="bbox 120 4492 1472 4578; baseline 0.001 -21"><span class='ocrx_word' id='word_1_351' title='bbox 120 4492 317 4576; x_wconf 73' lang='lat' dir='ltr'><strong>Huugariaq</strong></span> <span class='ocrx_word' id='word_1_352' title='bbox 342 4495 521 4578; x_wconf 88' lang='lat' dir='ltr'><strong>Bohemiae‚</strong></span> <span class='ocrx_word' id='word_1_353' title='bbox 546 4495 725 4564; x_wconf 87' lang='lat' dir='ltr'><strong>Dalmatiae</strong></span> <span class='ocrx_word' id='word_1_354' title='bbox 747 4517 803 4563; x_wconf 83' lang='lat' dir='ltr'><strong>rex</strong></span> <span class='ocrx_word' id='word_1_355' title='bbox 826 4501 885 4562; x_wconf 92' lang='lat' dir='ltr'><strong>etc.</strong></span> <span class='ocrx_word' id='word_1_356' title='bbox 909 4495 958 4562; x_wconf 85' lang='lat' dir='ltr'><strong>Ad</strong></span> <span class='ocrx_word' id='word_1_357' title='bbox 981 4501 1163 4562; x_wconf 90' lang='lat' dir='ltr'><strong>cunctorum</strong></span> <span class='ocrx_word' id='word_1_358' title='bbox 1186 4494 1400 4578; x_wconf 88' lang='lat' dir='ltr'><strong>praesentium</strong></span> <span class='ocrx_word' id='word_1_359' title='bbox 1416 4511 1472 4576; x_wconf 89' lang='lat' dir='ltr'><strong>pa·</strong></span> 
     </span>
     <span class='ocr_line' id='line_1_44' title="bbox 124 4579 1471 4667; baseline 0 -21"><span class='ocrx_word' id='word_1_360' title='bbox 124 4579 201 4649; x_wconf 82' lang='lat' dir='ltr'><strong>riter</strong></span> <span class='ocrx_word' id='word_1_361' title='bbox 224 4589 257 4650; x_wconf 91' lang='lat' dir='ltr'><strong>et</strong></span> <span class='ocrx_word' id='word_1_362' title='bbox 278 4583 457 4650; x_wconf 77' lang='lat' dir='ltr'><strong>futurorum</strong></span> <span class='ocrx_word' id='word_1_363' title='bbox 489 4584 633 4651; x_wconf 89' lang='lat' dir='ltr'><strong>notitiam</strong></span> <span class='ocrx_word' id='word_1_364' title='bbox 666 4602 738 4650; x_wconf 92' lang='lat' dir='ltr'><strong>cum</strong></span> <span class='ocrx_word' id='word_1_365' title='bbox 767 4584 977 4667; x_wconf 80' lang='lat' dir='ltr'><strong>sempiternae</strong></span> <span class='ocrx_word' id='word_1_366' title='bbox 1000 4583 1169 4648; x_wconf 91' lang='lat' dir='ltr'><strong>memoriae</strong></span> <span class='ocrx_word' id='word_1_367' title='bbox 1193 4581 1290 4662; x_wconf 84' lang='lat' dir='ltr'><strong>digna</strong></span> <span class='ocrx_word' id='word_1_368' title='bbox 1312 4597 1471 4646; x_wconf 88' lang='lat' dir='ltr'><strong>commen-</strong></span> 
     </span>
    </p>
   </div>
   <div class='ocr_carea' id='block_1_12' title="bbox 1 4667 1226 4756">
    <p class='ocr_par' dir='ltr' id='par_1_12' title="bbox 1 4667 1226 4756">
     <span class='ocr_line' id='line_1_45' title="bbox 1 4667 1226 4756; baseline -0.002 -19"><span class='ocrx_word' id='word_1_369' title='bbox 1 4706 2 4715; x_wconf 24' lang='grc' dir='ltr'><strong>κ</strong></span> <span class='ocrx_word' id='word_1_370' title='bbox 128 4669 252 4738; x_wconf 89' lang='lat' dir='ltr'><strong>latione</strong></span> <span class='ocrx_word' id='word_1_371' title='bbox 276 4667 421 4739; x_wconf 85' lang='lat' dir='ltr'><strong>uolumus</strong></span> <span class='ocrx_word' id='word_1_372' title='bbox 444 4673 608 4754; x_wconf 82' lang='lat' dir='ltr'><strong>pervenire</strong></span> <span class='ocrx_word' id='word_1_373' title='bbox 631 4677 688 4738; x_wconf 89' lang='lat' dir='ltr'><strong>etc.</strong></span> <span class='ocrx_word' id='word_1_374' title='bbox 712 4671 764 4754; x_wconf 90' lang='lat' dir='ltr'><strong>(V.</strong></span> <span class='ocrx_word' id='word_1_375' title='bbox 788 4690 836 4737; x_wconf 91' lang='lat' dir='ltr'><strong>nr.</strong></span> <span class='ocrx_word' id='word_1_376' title='bbox 861 4668 1061 4756; x_wconf 73' lang='lat' dir='ltr'><strong>Dctxxlx,</strong></span> <span class='ocrx_word' id='word_1_377' title='bbox 1084 4689 1114 4752; x_wconf 94' lang='lat' dir='ltr'><strong>p.</strong></span> <span class='ocrx_word' id='word_1_378' title='bbox 1143 4667 1226 4751; x_wconf 81' lang='lat'>127.)</span> 
     </span>
    </p>
   </div>
   <div class='ocr_carea' id='block_1_13' title="bbox 210 4777 1366 4849">
    <p class='ocr_par' dir='ltr' id='par_1_13' title="bbox 210 4777 1366 4849">
     <span class='ocr_line' id='line_1_46' title="bbox 210 4777 1366 4849; baseline 0.003 0"><span class='ocrx_word' id='word_1_379' title='bbox 210 4805 298 4849; x_wconf 76' lang='lat' dir='ltr'><strong>suom.</strong></span> <span class='ocrx_word' id='word_1_380' title='bbox 322 4802 409 4848; x_wconf 85' lang='lat' dir='ltr'><strong>xxm.</strong></span> <span class='ocrx_word' id='word_1_381' title='bbox 1327 4777 1366 4838; x_wconf 80' lang='lat'><strong>19</strong></span> 
     </span>
    </p>
   </div>
   <div class='ocr_carea' id='block_1_14' title="bbox 0 0 1712 5258">
    <p class='ocr_par' dir='ltr' id='par_1_14' title="bbox 0 0 1712 5258">
     <span class='ocr_line' id='line_1_47' title="bbox 0 0 1712 5258; baseline 0 0"><span class='ocrx_word' id='word_1_382' title='bbox 0 0 1712 5258; x_wconf 95' lang='lat' dir='ltr'><strong> </strong></span> 
     </span>
    </p>
   </div>
  </div>
 </body>
</html>
