3406 5262
1378 315 1437 378 159

393 515 561 584 nucula.
589 515 681 606 1437,
705 515 746 588 25
769 515 955 601 Februarii,
978 516 1139 605 bjalrovo.

89 638 277 721 Lodislouq
310 638 397 720 filius
430 637 590 707 Jobunna's
621 661 642 704 a
679 638 852 724 mamaea,
887 645 1020 706 testatur
1053 644 1086 706 in
1117 639 1229 706 Sirmii
1261 637 1438 706 etBadkae

91 728 337 814 qemmpluiima'a
359 726 536 792 deitatibus
558 747 595 792 uc
616 725 712 812 ciam,
733 735 858 812 praeter
872 727 1036 792 catholicos
1051 735 1078 792 et
1095 725 1279 813 Bassianus,
1295 725 1443 791 babitare

89 815 261 880 haereticos
292 812 463 880 &coemes
494 821 522 878 st
546 812 1008 966 Husitgzbmquroesdjoeiiocobus
1031 815 1131 880 denuo
1154 814 1312 897 adsidam
1334 813 1438 878 cotho-

153 1021 225 1090 Nos
256 1021 434 1106 Ladislaus,
465 1021 550 1090 filius
572 1025 730 1105 quondam
759 1021 917 1092 Johaunis
939 1024 1080 1106 vayuode
1103 1044 1122 1091 a
1142 1021 1312 1106 Thamasii,
1336 1041 1439 1090 comes

91 1109 264 1176 comitatus
294 1111 333 1176 de
355 1109 487 1192 Posega,
508 1111 659 1178 memorie
689 1111 944 1178 commendamus
966 1115 1075 1176 tenore
1097 1110 1294 1194 presencium
1317 1107 1437 1191 signifi·

92 1202 213 1282 cantes,
245 1195 361 1279 quihus
392 1197 521 1280 expedit
553 1197 717 1276 universis,
749 1196 904 1279 quomodo
926 1199 1117 1264 reverendus
1142 1198 1175 1263 in
1198 1197 1326 1264 Christo
1348 1201 1439 1281 pater

92 1281 191 1350 irater
223 1283 362 1350 Jacobua
393 1284 434 1349 de
464 1283 625 1370 Marchya,
656 1284 776 1352 ordinis
805 1285 963 1350 minorum
985 1283 1122 1350 vicanus
1148 1283 1325 1365 bonnensis,
1348 1302 1385 1350 ac
1407 1283 1439 1347 in

92 1389 191 1452 ragno
216 1369 381 1452 Hungarie
403 1375 437 1435 et
458 1370 603 1452 partibus
626 1371 757 1438 Austris
779 1370 903 1456 papalis
918 1371 1088 1452 inquisitor
1106 1371 1273 1452 prauitatis
1288 1369 1438 1455 heretice,

93 1475 151 1522 uec
172 1475 239 1522 non
261 1456 295 1522 in
317 1455 461 1539 predicto
482 1475 581 1540 regno
603 1457 708 1524 Boane
731 1463 763 1525 et
785 1458 928 1541 partibus
942 1457 1055 1524 Ruscic
1078 1474 1115 1524 ac
1130 1457 1164 1524 in
1179 1457 1294 1524 ceteris
1309 1457 1439 1522 circum-

92 1543 206 1610 vicinis
227 1544 269 1609 ab
291 1543 414 1609 unitate
436 1547 545 1610 moute
575 1544 687 1611 metris
718 1543 849 1611 ecclesie
882 1544 1038 1627 separatis
1060 1543 1185 1628 legatus
1209 1543 1291 1611 sacri
1313 1541 1439 1610 concilii

93 1627 276 1697 basiliensis
298 1630 472 1710 institutus,
495 1629 528 1696 in
559 1631 623 1697 mci
652 1631 782 1697 ueniens
813 1629 1009 1713 presenciam
1034 1630 1197 1715 proposuit
1219 1649 1325 1697 coram
1347 1629 1439 1695 nohis

92 1715 125 1780 in
147 1717 235 1782 hunc
267 1716 414 1782 modum:
444 1722 480 1782 ut
509 1716 638 1800 quidam
668 1715 764 1784 emuli
793 1717 913 1783 inuidia
935 1715 1037 1783 liuore
1059 1715 1160 1784 inflati
1183 1717 1286 1799 ipsum
1308 1716 1440 1784 hamam

93 1802 249 1869 iacobum
272 1803 305 1866 in
328 1821 385 1872 suc
407 1801 579 1888 legacionis
599 1801 703 1871 officio
724 1803 916 1888 inpartibus
935 1801 1156 1888 Syrmieinter
1177 1801 1291 1870 dumos
1313 1802 1438 1872 Zawam

93 1895 126 1956 et
147 1889 335 1957 Danubium
365 1889 538 1969 constituti,
570 1889 684 1956 timore
713 1891 774 1957 Dei
796 1889 979 1974 postposito,
1006 1890 1229 1974 impediuerint
1250 1895 1438 1969 asserentes,

94 1976 178 2058 quod
209 1975 314 2043 dictus
345 1973 445 2042 irater
473 1975 611 2044 iambus
641 1977 674 2042 in
705 1977 838 2060 prefatis
860 1977 1004 2059 partibus
1026 1975 1164 2045 officium
1190 1976 1360 2060 legacionis
1381 1975 1439 2040 mi-

93 2062 179 2129 nime
210 2080 359 2130 exercere
389 2061 503 2142 valeat,
535 2061 618 2147 licet,
649 2064 803 2146 inquiunt,
835 2063 1056 2130 circumcicine
1089 2063 1263 2147 propinque
1296 2063 1440 2146 partibus

93 2149 200 2215 Boane
223 2155 257 2216 et
279 2149 402 2230 Roscia,
424 2153 533 2216 tamen
562 2149 595 2216 in
627 2150 747 2218 eisdem
770 2151 914 2232 partibus
936 2149 1057 2233 Syrmie
1080 2151 1217 2232 quedam
1240 2151 1384 2217 ciuitates
1407 2155 1439 2215 et

93 2235 170 2302 ville
203 2233 279 2302 fidei
312 2235 482 2303 christiane
512 2235 694 2303 obedientes
724 2236 838 2304 iurent.
873 2235 940 2304 Nos
973 2255 1057 2318 vero,
1088 2237 1143 2319 qui
1178 2255 1234 2322 pro
1264 2235 1440 2304 annucncia

94 2323 242 2390 diuorum
264 2340 377 2406 regum
399 2329 432 2388 et
453 2324 665 2406 progenitoris
687 2324 805 2390 domini
827 2323 913 2406 regis
935 2331 967 2389 ct
989 2325 1188 2406 imperatoris
1211 2324 1245 2389 in
1266 2323 1438 2390 iamdictis

93 2410 241 2492 partibus
264 2407 388 2493 Syrmie
417 2409 497 2476 eatis
527 2409 561 2476 in
592 2409 781 2492 competenti
804 2415 896 2496 parte
929 2411 1066 2476 dominio
1089 2409 1255 2493 temporali
1278 2409 1439 2494 fungimur

93 2501 250 2579 perpetuo
278 2496 437 2563 mediante
466 2500 575 2565 nostra
604 2497 799 2565 consciencia
826 2501 980 2564 testamur
1010 2501 1043 2563 et
1064 2495 1257 2579 pollicemur,
1282 2501 1439 2580 quatenus

92 2584 248 2651 maiorem
269 2585 393 2668 purtem
416 2581 629 2667 predictarum
651 2584 794 2665 parcium
816 2581 940 2666 Syrmie
962 2583 1134 2650 Bassianos
1157 2583 1347 2664 inhabitare,
1364 2582 1440 2648 licet

93 2676 202 2738 tamen
224 2671 360 2752 quedam
390 2669 535 2737 ciuitates
566 2676 599 2736 et
627 2669 704 2736 ville
727 2671 899 2738 christiano
922 2671 1046 2738 nomine
1068 2668 1252 2754 iunguntur,
1275 2669 1438 2736 tamenin

92 2755 337 2841 quamplurimis
358 2756 506 2825 Rssciaui
529 2761 563 2824 et
584 2757 684 2824 eciam
713 2756 892 2824 Boznenscs
914 2775 986 2824 cum
1009 2757 1189 2824 christianis
1211 2757 1335 2822 mixtim
1357 2773 1439 2823 com-

91 2851 276 2924 morantur3
300 2845 436 2926 quedam
466 2844 612 2910 ciuitates
643 2863 680 2911 cc
708 2843 782 2910 villa
804 2845 899 2911 seoda
929 2844 1140 2910 hereticorum
1171 2843 1380 2910 Bonnensium
1403 2860 1440 2909 ac

91 2931 292 3014 Huzytarum
318 2929 434 2996 infecte
464 2949 522 3012 per
551 2929 705 3014 plurimos
735 2949 834 2998 annos
864 2929 1044 3011 extiterunt,
1075 2949 1155 3012 quos
1177 2931 1259 2997 sicut
1282 2929 1439 2996 hereticos

92 3016 255 3084 antefatus
285 3017 386 3083 frater
415 3017 554 3084 Jacobua
583 3017 692 3086 dicim
722 3018 882 3085 mediante
912 3018 1020 3100 gracia
1051 3035 1089 3083 cx
1122 3019 1272 3086 mandato
1302 3015 1439 3099 eumpmi

92 3101 253 3189 pontilicis
275 3103 464 3185 exstirpauit
497 3108 529 3170 et
559 3103 599 3171 ad
628 3104 722 3172 fldem
754 3123 884 3172 romane
914 3103 1046 3172 ecclesie
1078 3109 1230 3186 tanquam
1253 3104 1326 3188 pius
1348 3109 1440 3185 pater

92 3190 292 3276 segregauit;
315 3207 422 3273 ymmo
444 3207 484 3256 ax
506 3187 608 3258 altera
629 3195 720 3274 parte
742 3191 881 3259 Danubii
903 3191 996 3273 quasi
1022 3209 1079 3275 per
1100 3192 1242 3274 spacium
1265 3191 1358 3256 unius
1381 3188 1439 3255 mi-

91 3277 186 3344 liuris
208 3275 260 3344 uel
282 3277 367 3346 circa
388 3277 510 3344 mixtim
538 3275 687 3345 Resciani
721 3282 754 3344 et
783 3277 962 3344 Bounenaes
993 3277 1126 3344 heretici
1157 3295 1228 3345 com
1258 3275 1440 3344 christianis

92 3383 217 3432 moram
239 3363 360 3432 faciunt
382 3364 589 3448 personalem.
620 3366 741 3432 Datum
770 3363 802 3430 io
836 3365 950 3450 Dyaho
972 3363 1052 3432 feria
1073 3365 1210 3433 mcuuda
1232 3368 1304 3448 post
1325 3361 1441 3430 festum

92 3452 181 3518 beati
197 3450 340 3518 Mathiuc
356 3449 491 3535 apostoli
505 3457 538 3518 et
552 3451 703 3535 martyris
717 3471 800 3519 auno
815 3451 934 3520 domini
949 3450 1116 3520 millesimo
1132 3449 1441 3534 quadringentesimo

93 3538 257 3606 tricammo
278 3537 422 3620 septimo.

160 3623 319 3710 (Sigillum
341 3643 379 3692 ex
401 3642 474 3692 cera
495 3624 587 3709 nigra
609 3625 737 3694 chmtcc
759 3625 967 3712 adpressum).

92 3728 363 3900 muuqnlfgff:
394 3729 522 3798 Domini
550 3728 693 3801 Ladislai
722 3728 781 3798 filii
812 3733 944 3800 modam
970 3729 1105 3798 ioannis
1133 3728 1273 3816 vcyuode
1297 3729 1336 3796 da
1359 3727 1441 3797 Tha-

156 3935 203 3992 Ex
220 3937 349 4007 origirrall
366 3938 396 3992 in
413 3937 531 3993 tubular.
558 3943 712 3994 conuentus
740 3937 815 3994 hau.
842 3938 939 3994 minor.
967 3937 1041 4000 della
1066 3935 1149 3994 Nova
1168 3933 1308 4007 Neapolis
1327 3933 1439 3990 Keller:

92 4005 223 4062 Historia
241 4007 307 4063 cccl
325 4007 546 4078 quinqueecclca.
565 4007 619 4076 ΠΙ,
637 4009 698 4063 361.

524 4199 671 4266 nucha.
697 4199 788 4278 1437,
813 4199 857 4271 20
878 4199 1012 4288 Aprilis.

160 4321 341 4408 Stephanus
374 4323 521 4408 Dragiiid
553 4329 700 4406 testetur,
738 4343 774 4392 ae
806 4324 868 4392 rita
901 4323 1061 4407 accepisse
1091 4343 1111 4391 a
1144 4319 1314 4405 Ragusinia
1347 4337 1439 4386 auam

112 4410 402 4567 artampnpgcffliue,
427 4429 522 4494 quum
536 4410 613 4480 olim
629 4409 756 4493 Sandal
773 4429 907 4495 magnus
921 4411 1074 4496 uojcvoda
1089 4411 1288 4494 deposuerat.
1306 4405 1441 4489 Scripsit

120 4515 210 4677 mDr.
227 4621 276 4677 hh.
294 4619 439 4677 Mallola'd:
457 4619 583 4677 Monam
601 4617 716 4685 acrhica,
735 4635 763 4690 p.
780 4619 840 4676 38&
