3428 5256
265 315 326 378 194

260 518 413 603 predictis
435 521 679 604 persistentibus
708 522 882 608 plenariam
903 525 1120 594 remissionem
1148 526 1180 591 in
1203 524 1314 591 mortis
1336 520 1470 591 articulo
1491 532 1595 588 conce·

260 608 336 674 dere
358 607 492 675 relectis
520 609 569 677 ita
596 615 713 693 tamen,
746 613 829 693 quod
857 613 1052 681 confessores
1082 613 1143 696 ipsi
1166 614 1205 680 de
1227 613 1286 693 his,
1310 613 1350 678 de
1372 610 1486 693 quibus
1507 608 1597 674 fuerit

259 693 355 762 alteri
377 695 552 764 satisfactio
574 697 771 784 impudenda,
796 717 865 766 eam
888 700 981 768 dictis
1003 699 1156 778 fidelibus,
1172 718 1230 784 per
1252 718 1306 767 eos
1322 698 1349 766 si
1365 694 1597 781 supervixerint,

258 781 310 850 rel
332 802 530 852 successores
552 803 636 870 suos,
660 786 687 852 si
710 791 786 854 tunc
807 786 889 855 forte
911 787 1105 876 transierint,
1121 787 1298 854 [sciendum
1313 785 1491 869 iniungant,
1508 799 1596 866 quam

259 871 337 937 dicti
360 869 471 939 fideles
494 871 544 938 nel
566 889 762 941 successores
785 873 889 942 fecere
912 880 1088 956 teneantur,
1120 876 1265 958 quodque
1287 893 1343 956 per
1366 891 1462 938 unum
1486 887 1599 938 anuum

258 977 278 1025 a
300 963 454 1043 tempore,
479 960 625 1042 quesibi
659 961 816 1028 concessio
847 962 1024 1031 huiusmodi
1046 981 1194 1030 concessa
1223 960 1327 1042 fuerit,
1352 957 1486 1042 singulis
1508 957 1599 1024 sertis

259 1044 350 1113 feriis
371 1046 598 1130 impedimento
630 1046 772 1131 legitimo
804 1057 947 1118 cessante
976 1051 1125 1134 ieiunant,
1150 1054 1182 1116 et
1204 1048 1231 1114 si
1257 1047 1408 1130 predictis
1431 1045 1544 1112 diebus
1565 1063 1599 1110 cx

259 1140 410 1218 precepto
432 1133 648 1202 ecclesiastico
669 1135 811 1206 iniuncta
832 1137 1016 1220 penitentia,
1039 1143 1122 1224 roto,
1146 1141 1202 1204 sut
1221 1134 1302 1204 alias
1317 1135 1461 1201 ieiunare
1477 1137 1601 1198 tenean-

258 1227 321 1308 tur,
344 1241 409 1290 uns
437 1220 502 1290 elis
532 1223 584 1288 die
613 1221 811 1306 singularum
842 1225 1048 1308 septimarum
1080 1224 1222 1291 eiusdem
1253 1223 1338 1305 anni,
1370 1239 1434 1304 qua
1465 1219 1507 1286 ed
1529 1218 1600 1284 ieiu-

258 1309 408 1390 nandum,
432 1313 469 1376 ut
492 1309 697 1392 premittitur,
721 1329 784 1378 nou
805 1309 869 1378 siut
898 1313 1052 1398 adstricti,
1075 1312 1223 1394 ieiunant,
1246 1315 1280 1377 et
1301 1310 1330 1378 si
1352 1308 1385 1374 in
1408 1305 1517 1389 aliqua
1538 1305 1601 1372 eius

259 1401 352 1481 parte
374 1396 490 1479 aliquis
512 1398 653 1478 ipsorum
675 1396 816 1481 legitime
846 1398 942 1464 fuerit
971 1399 1151 1482 impeditus,
1179 1417 1261 1466 anno
1283 1397 1430 1480 sequenti
1453 1394 1504 1461 vel
1526 1391 1600 1460 elias

260 1483 495 1568 quamprimum
517 1485 667 1566 potuerit,
690 1485 871 1554 huiusmodi
894 1486 1047 1553 ieiunium
1070 1487 1161 1552 modo
1187 1483 1285 1552 simili
1307 1482 1456 1568 supplere
1479 1485 1601 1548 tenean-

260 1575 322 1636 tur.
346 1570 447 1638 Porro
469 1571 498 1637 si
519 1570 627 1638 forsan
649 1570 731 1638 alias
753 1571 942 1654 prelibatum
965 1574 1116 1640 ieiunium
1139 1574 1172 1638 in
1195 1578 1262 1639 toto
1286 1571 1337 1639 rel
1360 1571 1392 1635 in
1415 1575 1601 1652 partecom·

259 1659 352 1726 mode
374 1657 548 1741 adimplere
571 1659 782 1742 nequiverint,
805 1678 843 1727 eo
865 1679 941 1727 casu
962 1660 1155 1728 confessores
1176 1658 1330 1726 ieiunium
1356 1658 1464 1741 ipsum
1486 1655 1520 1720 in
1542 1653 1600 1720 aliu

259 1745 389 1828 pietatis
411 1763 509 1829 opera
531 1752 724 1813 commutare
746 1745 882 1828 valeant,
906 1767 966 1830 que
988 1747 1151 1832 parimodo
1166 1744 1341 1830 adimplere
1360 1745 1508 1826 debeant,
1532 1739 1602 1808 alie

260 1832 338 1913 quin
360 1832 513 1900 eiusmodi
535 1831 690 1900 confessio
719 1833 861 1916 plenarie
884 1835 1088 1919 remissionis,
1119 1833 1224 1918 quoad
1245 1852 1308 1898 non
1336 1829 1508 1915 implentes
1530 1829 1604 1894 dun·

259 1923 358 2001 taxat,
393 1917 511 1986 nullius
542 1919 585 1986 sit
613 1920 736 1988 roboris
765 1920 816 1988 vel
848 1922 1011 2004 momenti,
1047 1921 1157 1989 eadem
1179 1919 1373 1988 authoritate
1408 1915 1604 1985 concedimus

259 2005 380 2090 pariter
402 2011 435 2074 et
456 2005 665 2090 indulgemus.
689 2007 842 2076 Volumus
865 2014 972 2077 auum
993 2027 1043 2092 ne,
1067 2009 1150 2093 quod
1172 2009 1267 2090 absit,
1290 2025 1346 2074 vos
1362 2009 1395 2072 et
1410 2003 1525 2072 fideles
1540 2021 1603 2069 ere

261 2098 375 2176 gentes
396 2094 531 2178 predicti
562 2113 601 2159 ex
630 2093 819 2162 confidentia
852 2096 1046 2167 remissionis
1076 2095 1254 2162 huiusmodi
1277 2092 1457 2160 reddamini
1481 2109 1520 2158 ac
1539 2089 1604 2156 red·

261 2181 380 2248 dentur
402 2181 589 2264 prolixiores
610 2181 651 2248 ad
673 2180 786 2250 illicita
814 2182 847 2248 in
871 2189 1032 2265 posterum
1054 2183 1287 2259 committenda,
1315 2180 1401 2264 quod
1423 2179 1452 2246 si
1477 2198 1517 2246 ex
1538 2195 1604 2245 ren-

261 2267 394 2334 fidentia
417 2269 571 2335 eiusmodi
593 2267 700 2351 aliqua
722 2268 836 2337 illicita
858 2269 939 2337 forte
963 2271 1175 2337 commiserint
1201 2276 1234 2336 et
1256 2268 1504 2349 committerent
1526 2263 1605 2348 quod

260 2353 318 2422 ille
341 2354 453 2422 eadem
476 2355 630 2422 confessio
652 2357 919 2424 committentibus
950 2357 1132 2426 nullatenus
1155 2355 1355 2440 suffragetur,
1379 2353 1529 2438 quodque
1551 2369 1603 2436 pst

261 2460 466 2526 quascunque
487 2441 598 2510 literas
621 2442 812 2525 apostolicas
841 2445 925 2511 dicto
957 2444 1099 2529 generali
1130 2444 1283 2528 ministro,
1307 2441 1460 2510 serraliis
1484 2457 1605 2524 quoquo

258 2529 351 2596 modo
373 2546 537 2596 concessas
558 2529 616 2597 vel
637 2531 669 2596 in
692 2537 854 2614 posterum
870 2533 1094 2614 concedendas,
1110 2532 1214 2615 gretie
1228 2528 1353 2597 indrilta
1369 2533 1401 2596 et
1417 2527 1486 2595 alia
1501 2545 1606 2610 supra·

260 2616 344 2684 dicta
367 2615 548 2684 nullatenus
580 2615 799 2701 intelligentur
824 2625 984 2700 reuocata,
1017 2638 1080 2685 non
1109 2617 1310 2685 obstantibus
1333 2615 1436 2683 felicis
1459 2613 1605 2682 recorda-

261 2703 356 2770 tionis
378 2702 534 2770 Bonilacii
554 2703 774 2789 prohibitione,
806 2724 847 2773 ue
875 2704 991 2772 fratres
1020 2705 1234 2774 mendicantes
1263 2705 1297 2771 in
1330 2703 1439 2788 aliqua
1462 2701 1602 2778 ciuitate,

260 2796 375 2870 castro,
398 2788 450 2856 rel
471 2788 549 2857 uilla
572 2809 628 2858 seu
657 2789 721 2860 alio
752 2791 820 2860 loco
850 2811 1034 2875 quocunque
1064 2793 1105 2860 ad
1134 2789 1376 2859 inhabitandum
1402 2791 1535 2857 domum
1557 2785 1604 2854 rel

260 2877 366 2944 locum
388 2877 428 2944 de
450 2895 532 2942 nouo
554 2879 705 2960 recipere,
740 2897 797 2945 seu
825 2885 987 2964 receptum
1017 2886 1141 2946 mutare
1163 2884 1349 2963 presumant
1374 2877 1501 2959 ubsque
1523 2874 1605 2942 sedis

260 2965 404 3048 predicte
425 2963 553 3032 licentia
574 2963 713 3048 speciali,
744 2963 896 3033 iacientes
919 2965 1044 3048 plenam
1066 2972 1097 3033 et
1119 2985 1302 3048 expressam
1324 2965 1364 3032 de
1386 2963 1604 3048 prohibitione

259 3051 443 3118 huiusmodi
465 3051 665 3134 mentionem,
696 3057 729 3118 et
752 3051 924 3118 Clementis
946 3053 985 3120 V.
1008 3072 1210 3121 romanorum
1232 3050 1418 3136 pontificum
1440 3051 1607 3134 predeces-

260 3157 369 3206 sorum
400 3143 579 3206 nostrorum
610 3145 643 3206 et
672 3137 744 3206 aliis
766 3139 1041 3208 constitutionibus
1071 3147 1104 3208 et
1133 3140 1386 3207 ordinationibus
1412 3136 1606 3222 apostolicis,

260 3244 319 3294 nec
341 3245 403 3294 non
425 3226 556 3292 statutis
578 3230 611 3291 et
631 3227 907 3294 consuetudinibus
923 3227 999 3293 dicti
1013 3228 1141 3308 ordinis,
1162 3228 1350 3314 iuramento,
1367 3223 1607 3293 confirmatione
1682 3263 1683 3266 =

262 3312 438 3396 apostolica
459 3311 511 3379 vel
533 3312 644 3394 quasis
666 3313 817 3379 firmitate
839 3315 918 3382 alias
939 3315 1104 3398 roboratis,
1119 3313 1297 3398 priuilegiis
1312 3331 1439 3398 quoque
1456 3322 1492 3380 et
1507 3309 1609 3379 indul·

261 3400 389 3483 gentiis
420 3417 459 3466 ac
487 3398 590 3466 literis
619 3399 799 3482 apostolicis
826 3401 1029 3483 generalibus
1060 3407 1092 3468 et
1125 3401 1316 3486 specialibus
1349 3415 1609 3484 quorumcunque

259 3487 410 3568 existant,
433 3503 553 3569 perque
575 3487 776 3570 presentibus
791 3507 852 3551 nou
865 3506 1012 3572 expressa
1026 3487 1076 3555 vel
1091 3487 1235 3556 totaliter
1249 3508 1312 3555 non
1327 3487 1461 3568 inserta,
1479 3485 1609 3554 effectus

260 3591 370 3640 earum
393 3572 540 3655 impediri
561 3571 668 3640 valeat
690 3573 923 3656 quomodolibet
945 3575 996 3641 nel
1017 3575 1149 3657 differri,
1180 3583 1213 3642 et
1235 3576 1413 3659 dequibus
1436 3575 1608 3657 quomode

260 3678 385 3742 cunque
408 3659 485 3724 totis
515 3659 677 3726 tenoubus
708 3660 852 3728 habenda
883 3661 947 3728 sint
976 3662 1009 3728 in
1039 3663 1156 3729 nostris
1178 3662 1282 3728 literis
1304 3663 1425 3729 mentio
1448 3659 1609 3746 specialis,

259 3747 376 3829 quibus
398 3745 544 3811 omnibus
572 3750 605 3811 et
633 3746 767 3829 singulis
799 3746 878 3814 alias
907 3747 941 3814 in
963 3767 1019 3816 suo
1041 3751 1155 3816 robore
1176 3749 1404 3832 permansuris,
1428 3749 1519 3832 quod
1540 3765 1608 3830 pre-

223 3887 225 3893 .
258 3834 358 3900 missa
380 3832 535 3914 derogare
557 3831 757 3914 intendimus,
780 3839 813 3900 et
835 3853 981 3918 expresse
1010 3835 1206 3918 derogamus,
1236 3837 1415 3920 ceterisque
1438 3831 1610 3904 contrariis

260 3918 499 4002 quibuscunque
522 3918 730 4004 presentibus,
753 3921 856 4002 quoad
871 3922 929 3988 sub
944 3922 1144 3992 observantia
1158 3923 1341 3991 huiusmodi
1356 3923 1518 4004 vixeritis,
1535 3923 1609 3988 duu-

182 4015 184 4019 ’
259 4009 348 4107 urat
369 4003 525 4072 valituris.
554 4003 642 4071 Nulli
672 4024 747 4090 ergo
776 4007 936 4078 bominum
965 4013 1024 4077 etc.
1055 4011 1221 4078 oeuuaire.
1254 4009 1290 4078 Si
1317 4009 1389 4094 quis
1416 4015 1530 4078 autem
1552 4013 1609 4076 etc

259 4109 470 4159 rncursurum.

325 4178 446 4245 Datum
468 4177 586 4244 Romae
608 4179 692 4260 apud
714 4198 740 4246 s.
764 4177 893 4248 Petrum
916 4201 998 4250 anno
1012 4182 1237 4252 incarnationis
1252 4183 1412 4252 dominice
1426 4205 1596 4254 nocemur

260 4261 406 4331 kalendis
428 4263 604 4348 Februarii,
629 4264 828 4347 pontificatus
851 4269 950 4334 nostri
972 4289 1054 4336 anuo
1077 4271 1197 4338 decimo
1220 4276 1345 4354 quarto.

324 4383 369 4438 Ex
386 4383 506 4440 tabulas.
523 4400 602 4440 conv.
620 4383 735 4440 fratrum
752 4387 850 4446 minor.
868 4388 1058 4452 Kolosrarien.

1691 389 1693 512 l
