3434 5260
237 255 301 318 484

236 463 315 532 ham
347 469 380 531 et
411 462 586 566 piissimam
618 463 877 546 benevolentiam,
911 463 998 570 nullo
1028 466 1121 570 modo
1155 465 1320 570 permittat
1349 466 1413 552 ipsi
1444 466 1591 554 petenti,
1709 511 1710 524 ,

237 561 388 720 ttltt
410 557 523 722 tta
543 552 1590 721 ttttlttttattnttttttntnttl‘ttttln

235 723 336 808 litem
359 724 450 793 nobie
472 731 580 794 autem
603 731 635 793 et
657 725 821 793 catholicis
844 727 989 794 omnibns
1015 729 1185 796 maximum
1207 729 1433 796 detrimentum
1455 731 1491 798 et
1511 727 1591 798 ulti·

235 829 321 880 mam
351 811 494 890 ruinam3
529 830 602 880 uam
635 830 708 880 cum
737 813 996 915 praenominatus
1025 815 1190 900 episcopus
1218 815 1389 884 Bonnensie
1420 815 1464 884 sit
1490 816 1590 884 homo

236 917 351 968 avarus
373 905 406 966 et
428 898 580 968 molestus
602 917 726 1002 semper
747 901 852 967 inbuet
873 899 1008 970 aliorum
1022 900 1164 970 laborem
1179 902 1333 970 devorare
1346 909 1379 970 et
1392 903 1588 988 opprimere,

234 987 355 1057 habeus
377 991 483 1054 tomen
505 985 791 1054 commodissimam
813 1005 954 1056 mensam
976 1005 1076 1073 suam,
1100 1006 1140 1054 ex
1162 1007 1225 1072 qua
1246 987 1451 1058 laudabiliter
1473 995 1509 1057 et
1530 1007 1589 1092 ge·

235 1091 348 1142 nerone
370 1073 470 1142 vitam
490 1092 581 1142 suam
602 1078 780 1142 sustentare
802 1079 907 1160 queat,
932 1093 1028 1158 quam
1049 1093 1159 1142 omnes
1182 1074 1238 1143 alii
1264 1076 1402 1162 episcopi
1424 1077 1459 1143 in
1482 1083 1590 1162 paro·

235 1161 298 1228 bus
320 1160 503 1243 lurcorum,
526 1161 573 1226 uti
597 1161 695 1228 etiam
716 1167 804 1245 patet
819 1180 966 1244 expresse
981 1181 1020 1229 ex
1034 1162 1101 1230 suis
1116 1163 1295 1246 sumptibus
1310 1163 1470 1248 dissipans
1488 1180 1588 1247 saepe

236 1265 392 1316 summam
421 1249 586 1332 pecuniam
616 1255 683 1314 tam
712 1247 745 1313 in
774 1249 862 1316 curia
892 1248 1048 1333 imperiali
1080 1267 1175 1332 quam
1202 1249 1280 1318 alibi
1313 1255 1346 1317 et
1367 1269 1431 1317 uon
1452 1255 1587 1333 propter

235 1334 360 1403 lucrum
382 1335 569 1420 animarum,
592 1335 648 1401 sed
670 1334 776 1418 potius
799 1335 841 1404 ad
863 1335 1088 1403 cumulandum
1109 1336 1171 1403 sibi
1190 1336 1320 1404 maiora.
1342 1337 1419 1404 Ideo
1433 1336 1587 1406 illustris·

235 1423 316 1490 aime
339 1427 372 1490 et
393 1421 658 1489 reverendissime
688 1421 824 1504 domiue,
859 1423 961 1489 denuo
983 1441 1067 1490 nunc
1089 1427 1198 1490 contra
1219 1422 1416 1509 praedictum
1440 1421 1587 1508 appella·

236 1509 354 1576 tionem
377 1508 560 1576 fecissemus
578 1510 619 1577 ad
641 1508 749 1575 sedem
779 1508 993 1593 apostolicam,
1027 1511 1110 1593 quod
1134 1527 1295 1592 nunquam
1316 1511 1360 1577 eit
1381 1509 1586 1594 recipiendus

236 1615 256 1664 a
278 1596 369 1664 nobis
391 1595 510 1664 neceb
532 1594 597 1662 illis
619 1594 784 1664 catholicis
806 1596 960 1677 omnibns,
984 1597 1032 1663 uti
1053 1601 1142 1681 patet
1163 1597 1229 1750 (Iege
1251 1599 1315 1665 ieta
1329 1596 1453 1666 inclusa
1474 1598 1588 1681 depre

236 1683 341 1751 sativa
363 1682 403 1750 ad
425 1701 481 1750 voe
503 1682 633 1770 directa,
656 1701 730 1749 uam
752 1688 785 1750 et
806 1682 908 1750 felicis
933 1685 1103 1752 memoriae
1125 1681 1172 1750 Bo
1196 1684 1281 1751 ‘acii
1302 1685 1391 1752 tertii
1412 1688 1507 1768 patet
1530 1685 1585 1752 da

236 1775 368 1850 cretum,
392 1769 476 1852 quod
507 1769 672 1853 episcopus
701 1769 865 1852 eligendus
899 1770 943 1836 sit
974 1770 1101 1838 aclero
1131 1775 1165 1837 et
1186 1770 1313 1854 populo,
1335 1778 1368 1837 et
1389 1790 1410 1840 a
1431 1769 1585 1854 pontifice

236 1855 489 1934 confirmandus;
512 1861 704 1940 quapropter
726 1855 942 1925 illustrissime
965 1862 998 1923 et
1019 1856 1280 1924 reverendissime
1300 1856 1439 1942 praesul,
1463 1875 1505 1924 ne
1527 1854 1585 1926 de-

235 1941 914 2112 ttttttnthtttttttttlt
924 1949 1061 2114 lttt
1076 1942 1589 2115 llttttnttttltt

711 2080 719 2112 i
1577 2081 1587 2112 ἱ

236 2135 320 2200 quae
342 2117 465 2200 possint
478 2117 657 2201 succedere,
681 2115 755 2183 lites
769 2117 883 2184 vestris
899 2117 1131 2184 successoribus
1145 2135 1229 2184 nune
1243 2117 1417 2200 detruncet,
1432 2117 1589 2200 nobisque

235 2203 382 2272 omnihus
414 2210 586 2287 succurrat,
621 2203 673 2286 qui
697 2203 761 2269 iam
783 2202 910 2288 seriptis
932 2205 1147 2274 intimavimus
1166 2205 1330 2288 praedicto
1352 2204 1501 2289 episcopo
1522 2203 1588 2272 Bo-

235 2291 351 2369 auensi,
375 2309 415 2358 ne
444 2289 511 2358 ullo
542 2291 705 2357 modoad
736 2290 814 2357 istas
844 2295 952 2374 partes
982 2293 1100 2358 audeat
1129 2309 1321 2372 comparere,
1354 2299 1387 2358 et
1408 2291 1471 2357 nisi
1493 2291 1589 2358 aedes

235 2377 411 2458 apostolica
433 2381 465 2443 et
487 2381 593 2445 vestra
614 2375 788 2444 dominatio
810 2375 1027 2446 illustrissima
1049 2378 1123 2445 huic
1137 2377 1372 2446 inconvenienti
1386 2377 1589 2462 provideant,

234 2481 292 2550 pro
315 2469 402 2530 certo
423 2464 492 2549 ipse
525 2465 690 2546 epiecopus
720 2481 792 2532 cum
821 2463 970 2533 scandalo
1002 2485 1022 2532 e
1051 2463 1215 2533 catholicis
1237 2465 1357 2532 turcico
1383 2464 1514 2532 brachio
1537 2469 1590 2532 est

233 2551 308 2617 hinc
330 2547 544 2636 expellendus.
568 2549 759 2618 Oonfidimue
782 2570 858 2634 ergo
880 2552 1128 2620 humanissimae
1143 2551 1332 2619 clementiae
1347 2555 1482 2635 vestrae,
1497 2551 1586 2635 quod

234 2637 341 2721 potius
363 2635 557 2721 supplicibus
579 2637 697 2705 nostris
726 2638 874 2720 precibus
896 2657 976 2724 suas,
997 2657 1092 2707 aures
1113 2637 1268 2728 benignas
1288 2637 1463 2724 praebebit,
1487 2655 1587 2720 quam

235 2724 364 2791 iniustis
388 2729 420 2791 et
441 2723 560 2806 iniquis
581 2724 856 2808 praetensionibus
879 2725 956 2792 dicti
978 2725 1117 2809 episcopi
1131 2725 1310 2801 Bosnensis‚
1325 2723 1438 2809 gratiis
1454 2742 1585 2808 quoqne

124 2851 126 2858 ι
238 2812 353 2878 vestris
382 2829 441 2878 uos
471 2809 610 2878 chamas
640 2811 800 2880 cumulare
822 2817 855 2878 et
869 2811 960 2879 nubis
974 2831 1157 2880 succurrere
1170 2831 1234 2880 uon
1249 2811 1480 2895 dedignabitur,
1501 2817 1537 2878 et
1559 2811 1589 2878 sl

236 2895 357 2980 aliquid
387 2897 551 2981 praedicto
580 2897 727 2981 episcopo
755 2898 883 2981 scriptis
912 2899 978 2965 suis
1008 2900 1212 2985 consenserit,
1242 2915 1300 2983 pro
1329 2917 1388 2966 sua
1409 2899 1530 2980 pietate
1553 2902 1589 2964 et

235 2983 404 3051 clementia
425 2989 531 3069 potest
551 2985 668 3050 iterum
691 2987 862 3069 prudenter
891 2985 960 3068 ipso
982 3005 1131 3054 revocare
1154 2989 1187 3053 et
1208 2985 1249 3053 ad
1271 2989 1435 3052 romanam
1457 3003 1587 3068 qnoque

235 3071 356 3137 curiam
376 3075 442 3138 tam
464 3075 590 3138 nostras
613 3077 795 3154 praesentes
824 3071 1080 3158 supplicationes,
1109 3091 1204 3154 quam
1226 3077 1367 3139 vestrum
1389 3071 1439 3138 ius
1460 3069 1586 3156 signid-

234 3175 318 3238 care,
341 3161 438 3240 atque
459 3157 533 3225 huic
555 3158 711 3243 episcopo,
734 3159 852 3226 vicario
874 3158 1056 3241 apostolico,
1079 3178 1137 3244 pro
1165 3160 1254 3243 (qno)
1277 3159 1501 3241 supplicamus,
1525 3175 1586 3224 nos

233 3243 374 3312 oviculas
396 3249 519 3312 vestras
541 3247 761 3312 commendare
782 3243 987 3329 complaceat,
1016 3247 1231 3330 deprecamur.
1255 3245 1376 3324 Quibus
1397 3243 1513 3328 gratiis
1534 3263 1586 3312 re-

234 3331 334 3415 ceptis
356 3331 591 3399 adstrictissimi
611 3332 755 3400 vivamus
777 3333 970 3400 incessanter
985 3333 1027 3400 ad
1042 3333 1145 3399 Deum
1168 3349 1225 3415 pro
1239 3336 1347 3400 vestra
1361 3329 1585 3398 illustrissima

235 3423 267 3484 et
289 3417 553 3487 reverendissima
583 3419 795 3485 dominatione
825 3419 964 3485 fervidae
986 3437 1096 3502 preces
1122 3417 1301 3500 afferentes,
1322 3417 1450 3484 felicem
1472 3415 1585 3486 valere

234 3505 377 3589 cupimus
399 3503 555 3588 longaeva
584 3524 641 3588 per
672 3505 808 3572 saecula.
840 3506 941 3585 Quam
970 3505 1058 3582 Deus
1074 3559 1082 3572 .
1099 3557 1132 3572 ..
1154 3507 1275 3574 Datum
1303 3503 1432 3572 Velicae
1462 3503 1518 3570 die
1543 3507 1585 3570 ld

234 3590 371 3673 Augusti
397 3596 489 3657 1658.
520 3591 589 3675 Ego
620 3591 658 3658 fr.
689 3592 792 3658 Lucas
823 3611 843 3658 a
871 3591 994 3676 Posega
1020 3592 1220 3660 enumerator
1241 3589 1391 3658 confirmo
1412 3594 1449 3657 ut
1471 3608 1582 3676 supra

233 3677 305 3760 Ego
326 3677 365 3743 fr.
390 3677 547 3745 Martinus
569 3698 590 3744 a
611 3678 732 3760 Posega
753 3677 854 3746 lector
876 3683 909 3745 et
931 3679 1130 3762 praedicator
1152 3676 1301 3746 confirmo
1323 3681 1359 3744 ut
1381 3694 1488 3760 supra.
1507 3677 1582 3760 Ego

233 3763 273 3828 fr.
297 3763 435 3831 Michael
456 3784 477 3832 a
498 3763 633 3832 Cernich
662 3765 870 3848 praedicator,
902 3765 1040 3832 noerius
1070 3771 1102 3832 et
1132 3765 1288 3833 discretus
1311 3770 1484 3833 conventus
1509 3781 1583 3832 con-

233 3848 325 3918 firmo
346 3853 383 3916 ut
404 3869 509 3934 supra.
541 3851 611 3934 Ego
640 3850 691 3918 fra
712 3850 876 3918 Marianus
908 3871 928 3920 a
962 3852 1085 3937 Posega
1106 3851 1183 3920 olim
1204 3849 1351 3920 delinitor
1372 3848 1525 3918 confirmo
1546 3855 1583 3918 ut

233 3955 340 4022 supra.
363 3937 433 4020 Ego
455 3937 493 4004 fr.
517 3937 656 4005 loannes
679 3958 699 4006 a
721 3937 807 4005 Brod
829 3937 977 4004 definitor
999 3938 1134 4008 actualis
1156 3937 1306 4006 confirmo
1329 3943 1364 4005 ut
1386 3955 1493 4021 supra.
1509 3935 1581 4020 Ego

233 4021 273 4089 lr.
298 4023 478 4108 Stephanus
500 4043 520 4092 a
541 4023 657 4090 Velina
678 4024 872 4106 guardianue
902 4025 1106 4109 (Veliceneie)
1130 4024 1289 4092 confirmo.
1312 4025 1383 4108 Ego
1404 4024 1443 4091 fr.
1467 4023 1585 4090 Marti-

232 4127 294 4177 nus
316 4108 415 4177 lector
437 4115 471 4177 et
492 4110 690 4195 praedicator
718 4109 876 4178 confirmo.
910 4109 981 4194 Ego
1003 4111 1041 4178 tr.
1066 4113 1287 4180 Bonaventura
1309 4111 1495 4194 praesidens
1517 4109 1582 4177 Bu-

233 4197 348 4264 deneis.
373 4194 443 4282 Ego
465 4196 502 4264 lr.
525 4195 653 4266 Blaeius
675 4197 831 4264 Podraich
853 4199 1047 4280 guardianne
1069 4198 1249 4266 Nassiczae.
1270 4197 1341 4281 Ego
1362 4196 1402 4264 tr.
1425 4197 1575 4266 Patrusa

232 4282 357 4367 Posega
378 4282 537 4368 Nikolich,
560 4289 666 4352 custos
686 4285 866 4367 provinciae
887 4285 1011 4353 Bosnae
1033 4285 1229 4368 Argentinae
1252 4283 1412 4352 confirmo.

294 4385 428 4446 hosdem.
447 4386 583 4444 scientiar.
602 4386 708 4446 Slavor.
726 4387 898 4446 meridional.
916 4388 1081 4460 Zagrahien.
1101 4388 1170 4446 Ood.
1188 4404 1257 4446 msc.
1275 4385 1327 4443 IV.
1345 4403 1369 4444 c.
1388 4386 1430 4442 10.
