3410 5258
1381 315 1439 380 291

10 559 11 562 π
102 521 199 589 medio
226 525 260 589 et
290 521 430 588 orrininm
461 522 697 607 progenitorum
720 525 900 589 nostrorum
923 521 1040 590 totalee
1062 521 1276 606 possessiones
1298 519 1443 589 nostras:

101 609 239 691 Grpsane
264 614 297 676 et
318 609 442 676 Kothor
462 614 590 676 uocatas
610 610 644 675 in
666 608 790 693 prefato
818 610 965 678 districtu
987 611 1027 676 de
1050 603 1194 693 Vynodol
1216 608 1388 676 existentes
1410 611 1443 676 et

10 697 12 708 ’
101 696 221 772 habitae
247 696 343 762 mmol
366 715 436 764 cum
459 697 580 764 cunctis
611 697 783 763 earundem
817 696 1030 780 pertinenciis,
1053 695 1149 764 terris
1170 693 1318 762 uidelicet
1341 695 1444 764 mabi-

100 777 189 862 ibus,
213 783 308 849 cultis
331 789 364 849 et
386 782 523 864 incultis,
548 783 644 866 agris,
668 784 779 867 pratis,
803 784 935 866 pascuis,
958 781 1115 862 fenilibus,
1136 779 1233 862 siluis,
1252 783 1443 865 nemoribus,

10 879 11 884 ’
100 869 206 948 tineis,
229 871 392 937 vinearum
414 871 647 953 promontoriis,
668 871 769 953 aquis,
786 869 941 952 aquarum
956 869 1149 950 decursibus,
1165 867 1361 949 molendinis,
1379 889 1445 936 mo-

99 954 358 1040 lendinorumqne
381 957 469 1042 locis,
492 977 530 1024 ac
552 956 745 1040 generaliter
768 970 1026 1039 quarumcunque
1052 954 1226 1023 utilitatum
1250 955 1443 1038 integritati·

102 1043 166 1124 bus,
191 1045 313 1132 usibus,
337 1043 502 1126 fructibus,
525 1044 808 1123 fructuositatibue,
831 1045 1044 1128 proventibus,
1068 1040 1289 1109 emolumentis
1311 1043 1443 1124 quibus-

100 1145 222 1224 cunque
244 1135 277 1196 et
299 1129 560 1212 qualitercunque
590 1129 721 1213 vocatis,
744 1130 803 1196 sub
826 1146 937 1196 earum
963 1129 1047 1196 veris
1070 1133 1102 1194 et
1124 1129 1263 1210 antiquis
1286 1129 1381 1195 metis
1403 1130 1444 1196 de

101 1215 164 1280 lure
188 1217 222 1280 ot
245 1215 286 1283 ab
309 1217 439 1299 antiquo
462 1219 502 1282 ad
526 1217 654 1284 easdem
684 1217 900 1298 spectantibus
927 1221 959 1283 et
982 1216 1141 1298 pertinere
1164 1215 1351 1302 debentibus
1373 1234 1444 1300 pre

100 1297 161 1367 fato
176 1303 369 1370 monastario
385 1299 517 1370 ecclesie
534 1305 627 1369 beate
642 1303 744 1370 Maris
758 1302 891 1385 virginis
906 1321 1003 1387 prope
1015 1302 1131 1368 dictum
1145 1307 1284 1368 castrum
1300 1301 1445 1369 nostrum

100 1385 251 1455 Caemath
283 1389 415 1456 fundato
448 1394 481 1455 et
512 1388 665 1456 fratribus
695 1391 728 1454 in
758 1390 829 1472 ipso
858 1390 927 1456 Deo
949 1388 1175 1456 famulantibus
1201 1389 1233 1454 in
1278 1395 1444 1472 erpetuam

100 1473 304 1542 elemosinam
325 1475 470 1542 dedimus
499 1476 724 1558 inscripsimus,
754 1475 940 1543 donavimus
969 1479 1003 1542 et
1026 1474 1225 1541 contulimus.
1252 1408 1444 1544 fiddidimus

101 1562 227 1644 insuper
251 1561 335 1628 dicto
357 1564 548 1629 monasterio
571 1561 741 1645 quamdam
764 1561 919 1646 capellam
934 1563 965 1628 b.
981 1562 1145 1629 Laurentii
1160 1563 1219 1628 sub
1235 1563 1320 1629 dicto
1335 1569 1442 1630 castro

100 1653 203 1714 nostro
227 1646 382 1715 Ozeraatb
404 1649 500 1716 sitam
522 1667 593 1714 cum
616 1667 679 1715 uno
701 1655 780 1729 orto,
803 1667 866 1714 una
887 1649 989 1728 vines,
1017 1667 1079 1730 que
1101 1646 1194 1732 volgo
1216 1648 1343 1734 Brsyda
1365 1669 1446 1716 nun·

99 1739 239 1816 cupatur,
264 1753 301 1802 ac
323 1753 386 1801 uno
408 1733 497 1800 senili
520 1735 637 1802 ibidem
658 1754 755 1818 penes
778 1735 903 1802 vineam
926 1733 1089 1818 existente,
1106 1751 1164 1800 nec
1183 1748 1245 1800 non
1261 1754 1359 1802 unum
1376 1753 1443 1802 mo·

10 1901 11 1904 Ἴ
99 1819 258 1888 leudinum
281 1827 315 1887 et
336 1840 432 1887 unam
456 1827 602 1906 stuppam
633 1821 668 1887 in
689 1821 784 1888 fluvio
807 1823 897 1888 Reha
918 1822 1148 1888 decurrentem.
1172 1820 1323 1889 Preterea
1346 1842 1443 1888 unam

98 1906 261 1990 planitiem
283 1914 379 1988 terre,
402 1909 582 1991 incipiendo
604 1915 695 1974 extra
709 1907 829 1974 dictum
844 1908 1069 1976 monasterium
1083 1913 1116 1974 et
1131 1907 1329 1976 terminando
1346 1925 1443 1994 penes

99 1994 261 2076 hospitale,
291 1996 444 2074 dedimus,
467 1995 652 2062 donavimus
675 2001 707 2062 et
730 1993 929 2075 contulimus,
959 2013 1033 2078 ymo
1064 1995 1186 2076 damus,
1218 1997 1383 2082 donamus,
1409 1998 1444 2062 in

98 2087 345 2164 perpetuamque
375 2081 586 2166 elemosynam
616 2082 817 2150 inscribimus
846 2091 878 2149 et
909 2081 1100 2148 conferimus
1129 2082 1199 2147 iure
1229 2101 1287 2166 per
1328 2089 1382 2150 tno
1409 2087 1444 2149 et

98 2167 347 2236 irrevocabiliter
368 2168 505 2249 tenendi,
537 2167 718 2251 possidendi
740 2173 835 2252 prout
857 2173 890 2235 et
916 2169 1061 2234 habendi.
1085 2166 1140 2234 Nil
1162 2167 1242 2236 iuris
1265 2170 1296 2234 ni
1311 2189 1349 2235 re
1372 2187 1443 2251 pro-

98 2254 244 2335 prietatis
275 2257 307 2321 et
338 2256 468 2322 dominii
498 2256 532 2321 in
565 2256 685 2321 eisdem
716 2255 976 2340 possessionibus,
1007 2255 1204 2338 portionibus
1235 2273 1272 2322 ac
1299 2257 1444 2322 omnibus

96 2341 287 2423 supradictis
309 2359 367 2426 pro
390 2339 491 2427 nobis,
514 2339 677 2428 iratribus,
701 2341 969 2424 hatruelibusque
996 2347 1029 2408 et
1044 2343 1188 2424 cognatis
1210 2342 1328 2408 nostris
1343 2361 1446 2410 reser-

97 2429 207 2508 vando,
231 2429 289 2495 sed
310 2435 413 2496 totum
443 2429 493 2495 ius
522 2445 708 2510 omnemque
731 2429 810 2494 iuris
833 2433 866 2494 et
888 2429 1018 2496 dominii
1042 2428 1279 2512 proprietatem,
1304 2429 1389 2512 quod
1412 2433 1445 2496 et

97 2527 194 2595 quam*
213 2515 248 2580 in
272 2516 392 2582 eisdem
423 2515 702 2598 quomodocunque
732 2519 765 2580 et
796 2515 1058 2598 qualitercunque
1088 2515 1240 2581 hactenus
1262 2515 1444 2600 habuimus,

97 2600 126 2664 in
148 2599 309 2684 prelatum
339 2603 566 2669 monasterium
597 2603 689 2668 beate
720 2601 822 2669 Maris
852 2603 985 2684 virginis
1014 2602 1055 2669 de
1088 2601 1243 2669 Ozerzath
1266 2620 1304 2670 ac
1325 2601 1442 2669 iratres

97 2687 216 2754 ordinis
240 2689 327 2755 beati
348 2688 510 2756 lhaneisci
533 2691 574 2754 de
596 2687 806 2767 observantia,
829 2691 862 2756 in
884 2690 994 2755 eodem
1018 2695 1256 2770 commorantes,
1279 2687 1445 2764 transtuli-

97 2790 163 2840 mus
186 2774 283 2859 pleno
304 2777 383 2842 iure.
406 2777 444 2841 In
474 2776 564 2842 cuius
591 2777 640 2842 rei
670 2776 853 2841 memoriam
885 2773 1131 2858 firmitatemque
1158 2783 1343 2858 perpetuam
1366 2793 1441 2859 pre-

10 2877 11 2882 ’
97 2867 202 2928 sentes
224 2861 332 2946 sigillo
355 2873 463 2929 nostro
484 2863 596 2929 maiori
627 2867 659 2928 et
689 2862 873 2929 authentico·
901 2863 935 2928 in
965 2861 1114 2946 pendenti
1144 2862 1352 2930 communitas
1374 2882 1441 2930 me·

10 3003 11 3012 ,
94 2949 226 3016 moratis
241 2947 395 3016 trabibus
411 2949 557 3015 duximus
572 2949 795 3016 concedendas.
815 2949 932 3016 Datum
945 2949 1006 3034 (in)
1019 2955 1122 3016 castro
1134 2955 1241 3016 nostro
1256 2949 1442 3034 Nowygrad,

10 3119 11 3124 ἵ
97 3037 235 3101 secundo
258 3036 310 3102 die
333 3035 406 3102 lesti
430 3035 655 3118 assumptionis
676 3035 809 3118 virginis
830 3035 977 3118 gloriose,
1001 3056 1083 3102 anno
1106 3035 1226 3102 domini
1252 3037 1345 3104 1478.

10 3131 11 3134 ’
158 3121 317 3188 comissis
339 3123 466 3205 propria
488 3123 607 3188 domini
630 3122 763 3188 comitis.

159 3207 325 3292 (Sigillum
346 3211 451 3276 maius
471 3209 631 3290 integrum
654 3209 770 3275 rubrae
794 3225 885 3275 cerae
907 3208 1120 3292 impressum).

157 3295 209 3376 (ln
241 3296 356 3381 tergo).
387 3297 525 3362 Donatio
555 3295 679 3362 comitis
713 3295 843 3362 Martini
876 3294 1029 3362 iratribus
1061 3295 1236 3363 minoribus
1271 3299 1443 3366 conventus

10 3407 11 3412 ¹
96 3379 189 3448 beate
211 3383 345 3466 virginis
368 3398 463 3467 super
485 3383 739 3467 possessionibus
762 3382 906 3466 Grysane
929 3389 962 3448 et
983 3382 1115 3449 Kothor.

154 3501 199 3558 Ex
219 3501 346 3574 original
365 3501 394 3558 iri
411 3502 530 3560 tabular.
549 3508 675 3560 convent
694 3501 770 3559 fratr.
788 3502 886 3560 minor.
905 3501 1030 3560 Trsaten.
1048 3504 1077 3558 in
1096 3503 1218 3562 Oroatia

387 3695 564 3763 11011117.
599 3695 1001 3783 thamnachsarae,
1025 3695 1146 3767 basta.

154 3817 321 3902 Vlsdisav,
351 3821 414 3886 dux
444 3837 470 3886 s.
503 3818 607 3886 Sabae
637 3824 783 3901 testatur,
806 3837 842 3887 se
865 3821 1022 3906 accepisse
1051 3819 1263 3904 aRagusinis
1286 3819 1441 3888 tributum

95 3905 166 3971 anni
193 3912 275 3972 1479
297 3925 359 3991 pro
380 3904 544 3990 Koriavlje.

153 4025 203 4082 Dr.
221 4029 272 4082 Fr.
290 4023 437 4082 Mteloaie‘:
456 4025 582 4082 Menum.
602 4025 716 4097 serbiea,
738 4045 765 4099 p.
784 4027 844 4084 519.

427 4216 583 4289 MGLXV.
618 4215 711 4304 1478,
732 4217 775 4290 ao
797 4215 952 4304 Octobris,
976 4215 1106 4290 Romae.

156 4339 332 4410 Ostharina
357 4341 465 4424 ,ducis
487 4341 641 4424 Stephani
664 4341 739 4422 filia,
763 4341 873 4424 regina
895 4342 1007 4422 Boane,
1031 4359 1115 4408 nunc
1136 4341 1169 4406 in
1184 4340 1277 4409 'alme
1300 4339 1386 4418 urbe,
1407 4339 1441 4404 in

93 4451 94 4454 ¹
134 4427 219 4510 riona
240 4425 351 4510 Pinee,
373 4430 407 4495 in
430 4427 523 4495 domo
545 4446 603 4496 sue
633 4428 727 4494 solite
749 4429 954 4495 habitationis
981 4447 1077 4512 prope
1102 4427 1268 4496 ecclesiam
1291 4441 1316 4494 s.
1341 4425 1441 4492 Marci

93 4559 94 4562 ,
154 4515 240 4596 urbe,
268 4515 353 4596 ,nisi
381 4513 602 4598 sigismundus
632 4519 665 4580 et
695 4513 867 4584 Gatharina
890 4516 958 4582 eins
980 4515 1050 4602 filii,
1072 4515 1258 4598 religionem
1281 4513 1441 4580 mahome-

10 4667 11 4676 ,
142 4619 201 4668 ω
221 4601 367 4686 professi,
392 4605 434 4670 ad
456 4602 660 4669 christianam
683 4599 776 4668 fidem
800 4602 961 4682 redierint,
984 4621 1023 4669 ex
1045 4607 1235 4670 testamento
1261 4617 1441 4685 ,romanam

10 4765 11 4770 Ἰ
146 4687 266 4776 isaiam,
290 4691 401 4757 sedem
425 4685 630 4772 apostolicam
653 4705 691 4756 ac
707 4741 713 4758 .
731 4742 737 4756 .
758 4740 763 4754 .
788 4689 1021 4756 sanctissimum
1051 4691 1211 4756 dominum
1317 4687 1440 4755 Sirium

1317 4791 1336 4824 {¹
