3428 5256
234 183 295 248 188

230 409 302 458 cere
317 389 439 474 possint
461 394 494 458 et
517 394 693 472 exerceant,
716 409 774 474 per
796 409 831 456 se
853 388 905 460 vel
927 389 1025 458 alium
1044 410 1103 458 seu
1124 389 1205 460 alios
1219 389 1339 458 directe
1355 387 1407 457 vel
1421 388 1586 456 indirecte

231 480 342 561 quevis
365 477 488 560 quesite
519 474 625 543 colore
655 477 832 556 molestare,
864 478 1061 562 perturbare,
1087 483 1144 546 aut
1166 475 1402 561 quomodolibet
1424 474 1586 562 impedire

230 570 423 650 presumant.
448 563 513 630 Nes
535 564 628 645 enim,
653 565 850 646 quidudum
880 563 1046 648 voluimus,
1069 565 1154 648 qued
1176 565 1286 632 littere
1308 583 1371 632 nen
1394 563 1586 646 expediren-

230 659 284 718 tur
305 669 400 735 supor
430 649 637 732 indulgentiis
666 651 706 718 ad
737 651 840 718 instar
863 651 925 718 nisi
946 649 1211 736 specificarentur,
1239 657 1275 718 ut
1297 669 1400 734 reges,
1423 649 1586 750 archiepi-

230 739 327 823 scopi,
350 738 497 822 episcopi,
522 737 688 822 principes,
713 739 818 817 duces,
842 737 982 814 comites,
1010 737 1153 819 palatini,
1176 739 1327 822 voyvede,
1351 738 1498 818 barones,
1522 755 1585 802 mr-

230 825 314 906 lites,
337 824 468 910 nobiles,
492 825 735 892 communitates
757 843 795 892 ac
816 825 913 892 ceteri
930 823 1048 891 Christi
1070 823 1191 906 fideles,
1212 825 1266 907 qui
1281 824 1435 906 Fabiano,
1451 823 1585 890 vicariis

231 917 264 978 et
286 913 467 979 substitutis
499 911 651 993 predictis
680 913 713 976 in
743 911 917 978 exercendo
948 911 1163 994 inquisitionis
1193 909 1296 978 officio
1327 909 1512 994 hujusmodi
1545 928 1587 976 eo

230 999 407 1082 promptius
430 997 592 1078 auxilium,
616 997 782 1065 eonsilium
815 1003 849 1066 et
870 997 1011 1066 favorem
1033 1002 1185 1081 prestent,
1209 1016 1272 1080 quo
1294 1016 1330 1064 se
1352 1015 1390 1064 ex
1412 997 1473 1064 hoc
1495 995 1584 1064 dono

230 1084 359 1153 celestis
381 1085 484 1167 gratie
517 1083 652 1151 refectos
682 1084 750 1152 fore
780 1085 1011 1168 conspexerint,
1034 1085 1180 1152 omnibus
1205 1103 1282 1151 vere
1304 1083 1525 1168 penitentibus
1548 1087 1585 1152 ot

231 1172 391 1254 confessis,
414 1171 469 1254 qui
491 1170 653 1258 auxilium,
684 1170 851 1239 consilium
882 1170 933 1238 vel
955 1171 1096 1239 favorem
1117 1171 1197 1254 ipsis
1219 1171 1370 1254 Fabiano,
1394 1170 1524 1238 vicamis
1548 1174 1585 1236 et

230 1259 459 1326 substituendis
492 1277 551 1341 pro
585 1263 727 1342 tempore
759 1259 793 1324 in
826 1258 1005 1341 huiusmodi
1039 1259 1213 1326 exercendo
1241 1256 1346 1325 efficio
1368 1257 1584 1340 prostiterint,

231 1346 421 1414 auctoritate
445 1343 618 1428 apostolica
640 1351 751 1412 tenore
766 1344 962 1428 presentium
977 1345 1188 1424 concedimus,
1205 1347 1291 1428 quod
1305 1343 1380 1412 illas
1399 1350 1432 1410 et
1446 1361 1585 1427 prorsus

8 1459 16 1492 „·
147 1477 149 1482 ·
230 1431 352 1500 similes
385 1438 584 1516 peccatorum
617 1449 746 1500 suorum
775 1431 996 1499 remissionum
1027 1450 1065 1499 ac
1095 1432 1326 1499 relaxationem
1359 1429 1584 1513 indulgentias

230 1525 472 1602 consequantur,
496 1537 557 1601 que
580 1516 660 1586 alias
681 1519 714 1584 ir
737 1519 912 1587 subsidium
935 1537 991 1585 seu
1013 1518 1228 1586 defensionem
1249 1523 1337 1586 terre
1358 1523 1468 1584 sancte
1491 1518 1586 1584 auxi-

230 1606 319 1690 linm,
342 1605 508 1672 consilium
531 1611 564 1671 et
585 1604 723 1671 favorem
747 1605 961 1688 prestantibus
982 1605 1136 1672 hactenus
1158 1624 1215 1689 per
1236 1605 1347 1672 sedem
1368 1603 1583 1689 apostolicam

231 1711 399 1760 concessae
421 1691 555 1758 fnernnt
577 1691 649 1757 Non
671 1692 870 1760 obstantibus
892 1692 1169 1761 constitutionibus
1185 1697 1219 1759 et
1233 1691 1487 1758 ordinationibus
1502 1709 1583 1772 apo·

230 1778 359 1857 stolicis,
382 1797 440 1846 nec
469 1797 531 1844 uon
561 1777 724 1845 voluntate
753 1779 895 1862 predicta
927 1797 964 1848 ac
986 1779 1115 1846 statutis
1138 1785 1171 1846 et
1193 1777 1477 1846 consuetudinibus
1499 1777 1583 1844 dicti

230 1867 359 1944 ordinis,
382 1866 568 1944 iuramento,
591 1863 826 1934 confirmatione
848 1863 1021 1948 apostolica
1043 1864 1095 1933 vel
1110 1867 1222 1948 quavis
1237 1863 1390 1932 firmitate
1405 1864 1471 1932 alia
1486 1864 1583 1932 robo-

230 1953 321 2034 ratis,
344 1951 520 2035 privilegiis
543 1970 668 2034 quoque
690 1957 722 2017 et
745 1953 1007 2035 exemptionibus,
1029 1951 1244 2036 indulgentiis,
1261 1951 1379 2019 litteris
1394 1949 1585 2033 apostolicis

232 2038 434 2122 generalibus
463 2039 514 2106 vel
542 2036 740 2122 specialibus,
771 2039 935 2122 quibusvis
964 2041 1107 2124 persenis
1133 2039 1358 2107 ecclesiasticis
1381 2036 1434 2105 vel
1456 2037 1585 2106 secula·

230 2127 320 2193 ribus
343 2126 439 2192 etism
461 2123 607 2192 ordinum
630 2143 888 2208 quorumcunque
910 2144 967 2210 per
989 2128 1097 2192 aedem
1120 2125 1337 2210 apostolicam,
1353 2123 1404 2191 vel
1421 2123 1505 2192 alias
1519 2125 1584 2192 sub

231 2210 426 2294 quibuslibet
447 2212 616 2279 verborum
644 2211 754 2278 formis
776 2212 942 2294 concessis,
973 2230 1232 2296 quorumcunque
1258 2216 1406 2280 tenorum
1428 2211 1582 2292 exuant,

230 2317 287 2382 per
310 2318 370 2382 que
391 2299 591 2381 presentibus
613 2317 675 2364 non
698 2317 845 2381 expressa
878 2298 930 2365 vel
952 2297 1096 2367 totaliter
1121 2319 1184 2366 nen
1206 2301 1329 2366 inserta
1350 2297 1483 2366 effectus
1505 2315 1582 2382 pre-

231 2385 369 2452 sentium
390 2385 537 2468 impediri
568 2383 674 2452 valeat
704 2385 938 2466 quomodolibet
966 2385 1018 2453 vel
1048 2385 1264 2468 differrique
1288 2384 1585 2468 eisdempexsonis

230 2472 333 2553 quoad
366 2471 520 2554 premissa
548 2469 693 2538 volumus
722 2471 900 2555 suffragari.
936 2471 1086 2540 Ceterum
1113 2472 1188 2554 quie
1209 2469 1342 2539 difficile
1364 2471 1448 2538 foret
1469 2471 1585 2555 bajus·

230 2558 316 2625 modi
338 2563 464 2624 nostras
486 2556 611 2624 litteras
634 2560 675 2625 ad
703 2557 828 2641 singula
850 2557 921 2626 loca
942 2558 1076 2644 deferre,
1107 2558 1252 2626 volamus
1275 2563 1308 2625 et
1331 2559 1445 2626 eadem
1468 2563 1585 2625 aucto-

230 2645 326 2745 ritate
348 2643 555 2746 decernimus,
579 2646 663 2725 qued
685 2645 824 2746 ipsarum
846 2649 1044 2746 transumpto
1066 2663 1162 2712 manu
1184 2644 1314 2730 publica
1336 2643 1388 2712 vel
1410 2645 1505 2727 signo
1520 2643 1584 2710 ali·

230 2729 1326 2916 titnatifilii„itt‘tltctitttittfittult
1333 2737 1587 2901 retrusa

230 2907 320 2969 extra
342 2903 539 2984 adhibeatur,
570 2908 603 2970 et
631 2905 763 2986 perinde
792 2909 895 2971 stetur
926 2905 1012 2972 acsi
1034 2905 1120 2972 dicte
1143 2903 1317 2988 originales
1338 2902 1448 2971 littere
1471 2903 1587 2970 forent

229 2990 368 3056 exhibite
392 2988 442 3054 vel
464 2997 600 3056 ostense.
623 2989 711 3056 Nulli
734 3009 810 3073 ergo
833 2998 892 3058 etc.
916 2991 1034 3058 Datum
1056 2991 1155 3058 Mine
1181 2991 1266 3075 apud
1287 3010 1312 3058 a.
1336 2990 1470 3057 Petrum
1492 3009 1583 3058 anne

229 3083 290 3143 etc.
312 3073 481 3142 millesimo
510 3075 820 3158 quadringentesimo
851 3077 1094 3161 quadragesimo
1125 3080 1256 3161 quarte²
1279 3078 1403 3146 decimo
1425 3075 1492 3146 kal.
1517 3076 1584 3144 Fe·

230 3162 360 3242 bruerii,
384 3181 467 3230 anno
489 3167 602 3245 quarto
625 3164 755 3231 damme.

292 3281 393 3339 Annal.
411 3282 508 3338 minor.
527 3285 594 3339 tom.
612 3282 665 3349 XI,
684 3301 712 3354 p.
730 3284 790 3340 205.
810 3283 944 3340 Pheison:
961 3285 1087 3341 Monam.
1106 3283 1204 3356 Hung.
1222 3288 1289 3341 tem.
1308 3283 1348 3354 Π,
1366 3301 1395 3356 p.
1410 3283 1473 3340 223.

510 3472 761 3542 DGGOXXXIV.
787 3473 879 3558 1445,
903 3473 1292 3560 alienaealienae.

230 3594 393 3678 Euqeeico
415 3593 484 3661 ΡΡ.
508 3593 569 3660 IV.
602 3596 785 3662 diaconem
816 3600 899 3664 inter
927 3597 1101 3682 Hunpcres
1132 3606 1160 3664 ct
1189 3597 1274 3664 inter
1297 3595 1411 3666 stoma
1438 3593 1588 3662 oborta

532 3681 664 3748 Bosaen.
688 3685 790 3750 ordita.
814 3683 970 3750 mineram
990 3687 1110 3767 factem
1132 3689 1267 3750 revocat.

294 3801 458 3882 Eugenius
486 3801 649 3886 episcopus
679 3809 737 3871 etc.
769 3806 810 3872 ad
838 3804 977 3874 futuram
1004 3807 1051 3872 rei
1080 3807 1276 3874 memoriam.
1309 3804 1383 3874 Etsi
1404 3823 1445 3872 ex
1469 3803 1585 3872 debite

158 3961 160 3965 y
229 3885 452 3953 sollicitudinis
474 3889 642 3972 pastoralis
664 3891 856 3973 quibuslibet
877 3891 1036 3975 religiosis
1058 3894 1202 3976 personis
1228 3912 1298 3960 esse
1321 3911 1385 3960 non
1408 3891 1527 3958 deceat
1549 3891 1586 3956 in

230 3973 297 4038 suis
320 3975 585 4055 oportunitatibus
607 3976 795 4044 favorabiles
818 3983 850 4044 ct
872 3978 1035 4061 benignos,
1058 3985 1166 4046 tamen
1188 3979 1307 4046 fratres
1329 3977 1452 4045 ordinis
1476 3977 1585 4044 mine-

229 4077 310 4159 rum,
333 4061 501 4142 presertim
523 4063 581 4127 snb
603 4063 704 4146 ipsius
723 4062 863 4148 regulari
878 4065 1078 4134 observantia
1100 4067 1262 4149 degentes,
1285 4063 1494 4132 ferventioris
1518 4063 1587 4146 spi·

230 4153 312 4210 ntus
336 4146 449 4211 ardore
471 4163 648 4232 succensos,
672 4150 726 4231 qni
749 4169 811 4216 non
833 4151 989 4232 timentes,
1013 4153 1069 4220 sed
1085 4159 1229 4220 amantes
1250 4153 1406 4220 barbares
1421 4150 1586 4232 nationes,

231 4232 272 4296 ad
294 4229 423 4297 illarum
445 4235 679 4301 conversionem
700 4241 835 4320 pergunt
856 4238 1015 4325 innepidi,
1039 4243 1076 4306 ut
1098 4237 1224 4308 valeant
1248 4239 1290 4307 ad
1313 4255 1423 4307 arcam
1446 4235 1587 4304 domini-

297 4421 306 4452 a
356 4417 362 4430 .
623 4422 630 4435 .

232 4487 267 4540 25
285 4417 387 4555 Μεῗέἰῖ,
406 4435 495 4542 Ἓξ
515 4421 654 4546 ἓέιξιὲωὲῑ
667 4440 713 4548 13⁰
723 4493 877 4577 Wadding3
895 4495 1013 4551 Theiner
1031 4514 1096 4553 eum
1113 4497 1225 4553 reduxit
1243 4497 1280 4553 ad
1298 4513 1406 4554 annum
1424 4497 1584 4566 vulgarem,
1701 4487 1702 4510 ³

713 4423 799 4479 ntifici
825 4430 868 4480 est
894 4442 984 4482 annus
1010 4428 1209 4485 incarnationis
1238 4427 1316 4484 1444,
1344 4427 1395 4498 qui
1425 4425 1586 4498 incipiebat
1701 4427 1702 4470 t

232 4555 281 4624 qui
300 4559 375 4611 estl
428 4560 728 4631 ,et14pontificatus
753 4563 908 4634 Eugemani
934 4582 1018 4636 quem
1035 4583 1087 4624 nes
1105 4567 1207 4640 pariter
1225 4566 1418 4640 recipiendum
1436 4565 1585 4624 duriam
1700 4605 1702 4640 ;
