3406 5262
255 261 317 326 158

579 468 728 536 accen.
755 469 848 553 1437,
873 472 915 542 22
939 470 1106 559 tenuerit,
1129 471 1270 544 Bacsini.

258 590 411 677 Georgius
433 591 471 657 de
493 590 601 676 Bastia,
624 593 772 661 dioecesis
788 591 970 662 Boosiensis
991 597 1128 662 vicarius
1149 595 1316 678 pancratis,
1337 616 1362 661 s.
1381 591 1539 660 Jacobam
1563 592 1602 657 de
1697 599 1699 640 ÷

254 694 413 780 diarchia,
442 699 598 761 vicariam
633 696 767 784 Boenac,
803 700 1018 781 inquisitorem
1050 699 1222 766 haereticae
1250 701 1434 784 pravitatis,
1458 697 1603 762 omnibns
1697 703 1699 786 i

255 821 329 866 saar
352 801 498 866 dioecesis
521 802 722 881 commendat,
746 805 835 884 eique
857 804 995 888 amplam
1015 808 1198 888 potestatem
1218 803 1396 870 necessaria
1411 801 1600 870 decoram
1697 835 1699 856 ;

852 907 1004 975 attribuit.

321 1025 477 1110 Georgius
507 1027 546 1092 de
577 1026 689 1106 Basth,
720 1027 958 1096 archidiaconus
989 1029 1184 1112 aegidiensis
1207 1047 1265 1096 nec
1291 1048 1354 1094 non
1376 1027 1550 1096 canonicus
1572 1031 1604 1094 et

255 1113 392 1180 vicarius
421 1112 554 1180 ecclesie
583 1114 763 1181 bachiensis
794 1117 826 1180 in
857 1117 1075 1198 spiritualibus
1106 1115 1272 1200 generalis.
1295 1115 1431 1182 Dilectis
1454 1116 1548 1182 uobis
1570 1113 1603 1180 iu

257 1199 384 1266 Christe
413 1199 647 1268 venerabilibus
676 1203 763 1286 viris,
795 1203 930 1270 dominis
960 1203 1137 1282 abbatibus,
1170 1203 1339 1287 prioribus,
1363 1203 1536 1287 prepositis
1569 1219 1606 1268 aa

256 1287 411 1352 universis
429 1293 462 1354 et
484 1285 618 1368 singulis
632 1287 766 1354 dominis
781 1289 1081 1357 vicearchidiacouis
1096 1307 1133 1355 ac
1148 1288 1353 1356 ecclesiarum
1368 1285 1606 1372 parochialium

255 1374 440 1453 rectoribus,
463 1374 497 1438 in
519 1375 646 1456 dyocesi
669 1375 829 1442 bachiensi
851 1375 955 1444 ubivis
977 1377 1158 1443 constitutis
1173 1381 1206 1442 et
1221 1376 1509 1455 commorantibus;
1527 1376 1606 1440 item

255 1458 430 1542 magnificis
453 1468 487 1526 et
508 1460 646 1543 egregiis
667 1462 843 1544 comitibus,
864 1463 1112 1544 vicecomitibus,
1136 1461 1299 1542 militibus,
1324 1463 1549 1542 nobilibusque
1572 1464 1605 1527 et

254 1545 446 1628 ignobilibus
475 1564 513 1613 ec
542 1545 673 1614 alterius
696 1548 834 1615 cuiusvis
857 1555 968 1616 status
984 1556 1017 1616 et
1042 1548 1234 1616 condicionis
1256 1549 1450 1633 hominibus,
1473 1549 1508 1613 in
1534 1565 1605 1628 pre-

255 1633 341 1698 dicta
363 1633 487 1716 dyocesi
510 1634 717 1700 existentibus
749 1640 782 1701 et
804 1636 1080 1715 commorantibus,
1103 1635 1256 1702 iratribus
1281 1635 1399 1702 nostris
1420 1635 1453 1700 in
1478 1633 1606 1701 Christo

255 1719 435 1804 carissimis,
459 1719 573 1802 quibus
595 1729 759 1802 presentes
781 1723 997 1808 ostendentur,
1020 1721 1157 1790 salutern
1177 1723 1211 1788 in
1233 1722 1371 1788 domino.

320 1824 403 1902 Quia
424 1823 618 1890 reverendus
651 1828 741 1905 pater
771 1827 916 1893 dominus
938 1825 1036 1894 irater
1058 1825 1196 1894 lacobus
1219 1827 1259 1890 de
1282 1823 1436 1905 Marchia
1460 1821 1602 1890 vicarbn

255 1911 369 1992 Boane,
392 1910 513 1976 ordinis
534 1909 669 1976 fratrum
698 1911 854 1979 minomm
883 1913 1051 1995 indagator
1080 1917 1113 1978 et
1134 1913 1309 1994 extirpator
1332 1913 1472 1978 heretice
1495 1909 1603 1992 praui·

255 1997 334 2063 tatis
356 2015 412 2078 per
434 2015 567 2078 regnum
598 1997 772 2082 Hungarie,
803 2005 835 2066 et
864 1998 1032 2067 nonnullas
1063 1998 1142 2066 alias
1172 2004 1280 2080 partes
1311 2016 1427 2065 corone
1458 1997 1604 2063 eiusdem

254 2083 345 2166 regni
367 2083 535 2163 subiectas,
558 2101 615 2166 per
636 2084 744 2150 sedem
773 2085 977 2170 apostolicam
1009 2095 1041 2152 et
1064 2090 1299 2154 sacrosanctum
1322 2083 1503 2152 basileense
1528 2100 1606 2148 cou-

257 2171 364 2236 cilium
385 2170 591 2236 transmissus
620 2174 654 2236 et
676 2171 845 2255 deputatus
867 2193 924 2257 pro
954 2173 1141 2240 execucioue
1164 2172 1241 2239 dieti
1263 2172 1347 2239 sacri
1381 2169 1478 2238 eihcfi
1501 2169 1604 2234 vestri

256 2258 289 2322 in
312 2258 451 2323 medinm
481 2275 516 2322 se
544 2259 722 2325 necessario
755 2259 870 2326 habeat
899 2259 1059 2326 conterre:
1093 2265 1290 2343 quapropter
1311 2259 1400 2324 vobis
1424 2255 1606 2340 prenotatis

257 2343 412 2410 universis
434 2348 467 2408 et
489 2341 623 2424 singulis
646 2344 780 2410 dominis
801 2351 868 2413 tam
890 2345 1113 2413 ecclesiasticis
1137 2363 1232 2428 quam
1254 2343 1463 2422 secularibus,
1485 2343 1523 2408 in
1543 2342 1608 2408 rir-

257 2435 326 2496 tute
348 2433 455 2496 sancte
477 2429 658 2496 obediencie
692 2436 724 2497 et
754 2431 813 2498 sub
847 2432 1181 2500 excommunicacionis
1203 2451 1296 2515 pena,
1320 2449 1418 2514 quam
1439 2431 1474 2494 iu
1496 2446 1556 2495 vos
1578 2434 1609 2494 et

256 2521 396 2584 veebum
420 2515 559 2598 singulos
588 2515 719 2582 ierimus
748 2518 781 2582 in
811 2519 874 2586 hiis
903 2519 1030 2602 scriptis
1062 2519 1199 2585 ferentes
1223 2517 1366 2586 dutricts
1389 2516 1605 2600 precipientes

256 2602 451 2684 mandamus,
474 2607 630 2684 qnatenus
659 2603 809 2688 (prefato)
841 2605 1011 2672 venerabili
1040 2606 1119 2686 viro,
1143 2606 1271 2672 domino
1296 2604 1391 2671 fratri
1412 2603 1549 2682 Jacobs,
1573 2603 1606 2666 iu

258 2690 440 2756 executione
462 2692 495 2754 et
516 2689 723 2769 inquisitione
745 2691 886 2774 predicte
908 2693 1037 2776 heresis,
1062 2691 1189 2774 quocies
1204 2695 1416 2774 opportunum
1431 2690 1544 2768 fuerit,
1567 2689 1608 2756 ad

257 2775 409 2856 inquisita
439 2781 472 2840 et
501 2774 706 2856 interrogata,
737 2778 778 2842 ob
807 2779 983 2846 animarum
1012 2787 1189 2845 vestrarum
1221 2777 1370 2858 salntem,
1404 2775 1606 2858 respondere

259 2879 385 2944 semper
415 2861 552 2944 prompti
583 2861 654 2928 sitis
683 2867 717 2928 et
745 2864 859 2945 parati,
888 2865 1010 2946 sibique
1039 2865 1071 2930 in
1103 2865 1250 2931 omnibus
1271 2862 1370 2930 licitis
1391 2868 1425 2929 et
1447 2861 1606 2940 honestis,

258 2949 377 3014 dictum
399 2965 492 3014 suum
514 2946 652 3014 officium
681 2950 949 3031 concernentibus,
972 2967 1085 3032 perere
1116 2950 1270 3017 debeatis.
1294 2949 1343 3017 Ne
1366 2955 1475 3017 autem
1498 2947 1612 3013 huius-

257 3035 343 3100 modi
365 3033 517 3116 pestiiera
539 3034 659 3100 heresis
681 3035 873 3118 peramplius
895 3037 928 3102 in
951 3037 1036 3103 dicte
1058 3036 1182 3119 dyocesi
1205 3035 1354 3120 pululare
1376 3034 1494 3115 valeat,
1520 3035 1609 3100 idem

258 3129 351 3204 pater
372 3119 513 3186 Jacobus
534 3120 664 3186 idoneos
686 3123 832 3190 custodes
854 3143 911 3206 per
932 3123 1077 3190 civitates
1099 3129 1132 3189 et
1154 3121 1235 3205 loca,
1259 3123 1315 3205 qui
1337 3122 1474 3190 sollicite
1498 3120 1610 3185 huius

259 3207 345 3274 modi
367 3207 529 3290 negotium
558 3205 693 3290 vigilare
720 3209 856 3276 debeant
887 3209 1097 3276 constituendi
1123 3209 1240 3276 habeat
1262 3209 1449 3276 aculeatae
1471 3206 1613 3275 auctori-

258 3299 325 3360 tate
348 3299 455 3360 nostra
477 3293 511 3358 in
533 3291 593 3360 hac
614 3298 705 3376 parte
726 3295 787 3362 sibi
809 3297 973 3364 attributa.
997 3297 1116 3362 Datum
1138 3295 1267 3380 Bachye
1289 3294 1612 3378 vigesimasecunda

260 3379 312 3446 die
334 3381 451 3447 mensis
473 3379 628 3463 tanumii,
660 3399 742 3447 anno
771 3381 889 3448 domini
911 3380 1080 3449 millesimo
1110 3383 1423 3465 quadringentesimo
1447 3380 1614 3448 uicesimo

261 3467 403 3550 septimo.

293 3567 486 3740 d(Sigil)lum
517 3574 587 3636 erat
616 3587 709 3637 cerae
737 3570 926 3655 impressum
955 3572 1011 3638 sed
1041 3589 1124 3638 nunc
1154 3576 1281 3641 tantum
1311 3573 1498 3656 fragmenta
1520 3587 1614 3639 cerae

261 3655 433 3723 vientur.

326 3776 371 3830 Ex
389 3775 516 3845 originali
533 3777 562 3829 in
580 3775 697 3832 tabular.
715 3781 868 3833 conventus
888 3778 964 3834 fratr.
982 3779 1079 3834 minor.
1097 3777 1172 3834 della
1192 3777 1275 3836 Nova
1293 3779 1435 3851 Neapolis

659 3967 824 4035 DOOLIII.
850 3969 943 4047 1437,
966 3969 1005 4040 31
1030 3969 1200 4042 tenuerit.

327 4091 483 4169 Radosav,
515 4107 648 4173 magnus
676 4093 829 4174 voy’evoda
859 4093 950 4175 regni
976 4093 1119 4174 Bosuae,
1151 4097 1290 4160 testatur
1321 4109 1358 4158 se
1385 4112 1406 4159 a
1440 4091 1616 4176 Rugusinis

263 4177 434 4277 accepisse·
444 4174 599 4278 palatium
621 4182 652 4242 et
674 4179 850 4261 pecuniam,
872 4198 954 4261 quae
976 4187 1048 4264 post
1076 4179 1189 4264 palatii
1210 4179 1479 4248 restaurationem
1505 4196 1617 4264 super·

263 4269 343 4332 erat.
368 4262 502 4345 Scnpslt
524 4262 604 4330 diac.
628 4263 715 4331 lvan.

327 4385 377 4439 Dr.
395 4387 444 4438 ir.
462 4381 603 4439 liiiiotit:
622 4384 746 4442 Manum.
765 4385 877 4454 sarbiae,
897 4403 924 4456 p.
942 4387 1002 4442 387.
