3428 5256
234 236 299 301 240

235 441 351 524 ciendi,
374 444 505 526 gerendi
527 449 560 512 et
583 445 758 528 exequendi
779 445 967 514 anctoritate
989 443 1163 530 apostolico
1178 451 1288 514 tenore
1304 445 1503 528 presentium
1515 462 1587 512 con-

235 530 376 596 cedimus
399 529 594 598 facultatem.
621 531 773 600 Volumus
794 537 912 610 autem,
942 533 1026 616 quod
1048 539 1083 599 tu
1106 552 1178 602 cum
1200 534 1357 618 gentibus,
1381 553 1463 618 quse
1485 531 1586 599 colle-

234 617 320 700 geris
341 617 382 685 ad
405 636 514 702 regem
536 619 639 704 ipsum
661 619 823 704 proficisci¹
848 627 903 688 aut
925 620 1024 687 alium
1049 619 1119 688 loco
1141 622 1189 687 tui
1211 620 1432 690 transmittere
1454 619 1585 687 debeas.

234 701 306 768 Non
330 703 529 772 obstantibus
553 710 586 773 in
609 707 801 774 contrarium
825 705 1011 775 facientibus
1027 709 1285 792 quibuscumque.
1303 707 1423 775 Datum
1440 705 1588 773 Bononia

235 809 317 858 anno
339 791 564 894 incarnationis
586 795 741 862 dominice
762 817 909 862 nomem
923 795 1058 880 septimo
1073 795 1144 864 idus
1159 795 1247 884 Maii,
1262 793 1466 880 pontificatus
1482 793 1588 861 nostri

236 897 319 946 anno
341 897 452 963 prnmo.
1098 903 1101 910 ·

303 999 438 1057 mser:
456 1001 582 1058 Monnm.
600 1001 697 1074 Hung.
715 1003 755 1073 H,
773 1021 801 1074 p.
820 1003 880 1060 321.

637 1213 726 1282 Mili.
754 1214 846 1296 1459,
870 1213 1039 1303 23111111,
1063 1213 1184 1284 9111111.

303 1335 438 1403 Domina
468 1337 627 1422 quondam
655 1337 851 1418 Elisabethe,
882 1338 1039 1422 qnondam
1061 1336 1185 1404 Nicolai
1208 1335 1283 1404 bani
1314 1354 1403 1418 uxor,
1430 1353 1491 1420 pro
1513 1333 1592 1401 dote

239 1427 367 1491 nostras
397 1423 549 1492 ecclesiae
579 1424 722 1510 (Carini),
754 1445 775 1494 s
804 1443 862 1492 suo
892 1431 1035 1493 consorte
1062 1423 1276 1510 aedificatore,
1306 1421 1438 1505 reliquit
1460 1422 1493 1487 in
1517 1420 1592 1488 loco

238 1510 323 1577 dicto
347 1509 445 1579 Slsna
470 1516 508 1578 16
530 1513 643 1596 iugera
664 1519 768 1581 terrae
788 1512 955 1599 aratorias,
979 1513 1069 1579 iuxta
1091 1510 1259 1579 ecclesiam
1281 1528 1306 1576 s.
1330 1509 1397 1575 Viti
1419 1514 1453 1576 et
1472 1525 1591 1576 mum

237 1597 367 1666 rubrum
390 1599 512 1666 modica
542 1619 562 1666 a
591 1605 747 1668 conventu
777 1600 947 1679 distantia;
975 1617 1071 1668 unam
1102 1599 1228 1667 cineam
1251 1615 1323 1664 cum
1349 1595 1436 1664 ultra
1458 1601 1592 1664 centnm

237 1683 374 1765 olivetis,
398 1704 496 1753 unum
519 1692 680 1752 terrenum
701 1687 797 1754 trium
820 1687 974 1771 iugerum,
998 1706 1095 1770 penes
1117 1704 1222 1753 arcem
1243 1684 1333 1752 iuxta
1354 1681 1483 1764 flumen,
1500 1681 1591 1766 quod

238 1773 350 1839 eadem
371 1773 499 1840 domina
521 1771 704 1842 Elisabetha
725 1793 782 1858 pro
805 1793 867 1842 uuo
882 1793 972 1842 sacro
987 1774 1155 1842 conventui
1169 1773 1350 1856 legaverat3
1373 1773 1437 1838 duo
1457 1777 1593 1838 terrene

238 1858 272 1924 in
294 1857 371 1926 villa
394 1859 560 1944 Popovich,
582 1860 667 1927 infra
687 1860 808 1928 fontem
829 1879 934 1940 unum,
962 1868 995 1928 et
1017 1880 1114 1946 snpra
1128 1858 1249 1927 iontem
1264 1857 1362 1943 aliud,
1378 1858 1473 1926 ambo
1489 1858 1592 1924 trium

239 1945 395 2030 iugerum,
429 1966 510 2030 quae
544 1949 702 2030 quendem
736 1949 881 2016 dominus
914 1947 1011 2016 Milco
1043 1949 1077 2014 in
1110 1966 1169 2016 suo
1190 1951 1382 2014 testamento
1404 1943 1591 2028 rogaveras

239 2051 337 2100 unum
359 2039 484 2118 pratum
506 2033 539 2100 in
561 2035 632 2102 vico
654 2035 784 2102 Cassich
814 2040 950 2118 quatuor
982 2035 1136 2120 iugerum,
1160 2052 1257 2116 penes
1279 2034 1364 2100 mam
1387 2033 1592 2120 magistram,

239 2139 297 2205 pro
318 2122 520 2206 septuaginta
541 2123 641 2190 saeris
662 2141 681 2190 a
703 2121 846 2206 patribus
868 2141 894 2190 s.
917 2121 1109 2193 Oathariuas
1131 2120 1275 2190 Podnosi
1297 2119 1453 2188 habitum.

305 2208 424 2276 Datum
447 2207 563 2291 (larini,
588 2214 628 2276 23
652 2209 964 2288 conbennensis
988 2215 1082 2278 1459.

303 2329 444 2386 Fabs'om‘d
460 2332 511 2385 D.:
529 2329 622 2387 Storia
638 2329 684 2384 dci
702 2329 779 2385 fratri
796 2329 956 2387 minori...
974 2329 1013 2400 11,
1032 2347 1059 2404 p.
1078 2331 1137 2387 314,

627 2523 701 2593 MX.
728 2521 820 2606 1459,
844 2521 1002 2610 9411111,
1027 2521 1192 2594 bantuse.

305 2645 382 2712 Pius
404 2645 465 2712 ΡΡ.
488 2647 522 2712 Π
551 2646 726 2715 Marehioni
755 2646 1053 2731 Brandenburgensi
1083 2646 1208 2714 scribit:
1241 2643 1412 2728 ,oppidum
1444 2642 1596 2712 Zendreu

241 2733 276 2800 111
298 2733 413 2801 Bassia
433 2733 656 2800 constitutum“
683 2734 839 2818 insignem
861 2734 1003 2802 custodie
1025 2733 1128 2802 locum
1150 2733 1185 2800 in
1198 2736 1395 2818 potestatem
1410 2731 1596 2798 Turcorum

241 2821 530 2976 gleavdoerlmsg’eecutiaffg
554 2821 739 2900 „amissione
761 2839 824 2890 non
846 2822 949 2888 minor
970 2840 1066 2906 quam
1088 2840 1126 2890 ex
1149 2817 1424 2904 Constantinopoli
1447 2818 1597 2888 creditum

306 2995 382 3063 Dat.
404 2927 556 3064 mssntuse
577 3019 650 3064 xxiv
671 2994 750 3064 Jniii
774 3001 867 3062 1459.

304 3115 437 3173 Kolone:
455 3115 563 3174 Hister.
581 3117 665 3174 critic
684 3117 762 3188 regni
779 3115 907 3188 Hungnr.
925 3119 992 3174 tom.
1010 3115 1091 3186 XIV,
1110 3133 1138 3188 p.
1157 3116 1217 3174 971.

621 3327 709 3397 mxi.
736 3327 829 3412 1459,
852 3326 1011 3413 bodulli
1036 3326 1200 3400 llantuse.

308 3450 386 3518 Pius
406 3449 477 3534 PP.¹
492 3448 534 3517 Π.
557 3450 710 3518 cardinali
732 3470 758 3519 s.
782 3449 895 3535 Angeli
916 3451 998 3518 inter
1020 3454 1126 3518 cetera
1142 3451 1203 3536 ,de
1217 3447 1388 3517 amissione
1409 3445 1594 3515 andrensi

244 3544 276 3606 et
298 3537 431 3624 perfidia
452 3537 538 3622 regis
559 3537 664 3606 Bosne
693 3543 788 3623 atque
821 3540 861 3606 de
888 3557 1059 3624 progressu
1081 3537 1281 3605 Turehorum
1303 3553 1462 3604 summam
1484 3534 1597 3604 mesti-

243 3627 341 3694 tism“
366 3645 401 3694 se
422 3626 543 3709 cepisse
564 3623 729 3708 significat.

308 3713 425 3782 Scribit
446 3712 537 3780 nobis
553 3761 586 3778 ..
609 3711 683 3780 Dat.
707 3712 838 3780 Mantus
860 3737 921 3780 m
942 3711 1023 3781 Julii
1040 3763 1048 3779 .
1064 3763 1098 3779 ..
1121 3731 1173 3780 an.
1197 3735 1219 3778 1.

288 3835 425 3962 39161153.
444 3834 513 3905 orig.
540 3849 585 3889 sn.
611 3833 627 3888 Ι
654 3833 729 3890 brev.
753 3833 812 3888 libr.
839 3831 883 3888 IX
906 3833 953 3890 fol.
980 3834 1023 3892 59.
1044 3833 1180 3890 Thelser:
1199 3832 1327 3888 Menum
1346 3829 1445 3904 Hung.
1463 3834 1536 3888 tom.
1556 3829 1598 3900 Π,

243 3921 271 3976 p.
342 3945 349 3960 .

575 4073 680 4143 111111.
708 4075 799 4162 idib,
826 4075 1053 4156 1811111111,
1078 4075 1244 4148 Mantuae.

309 4199 386 4268 Pius
407 4199 468 4265 ΡΡ.
491 4197 533 4264 II.
557 4197 697 4266 Thomas
718 4199 865 4284 episcopo
888 4199 1078 4282 ,1111151111ις
1104 4201 1139 4268 in
1161 4200 1269 4268 Bosna
1290 4199 1400 4285 legato
1422 4200 1540 4269 scribit
1563 4217 1598 4269 ss

245 4287 447 4368 intellexisse,
472 4285 687 4373 ,Stephanum
718 4285 880 4370 Thomam,
902 4286 1026 4354 Bosnm
1048 4305 1156 4370 regem
1178 4287 1347 4368 illustrem,
1370 4287 1494 4356 violata
1517 4305 1597 4373 parc

244 4373 329 4441 inter
358 4391 431 4440 eum
460 4379 567 4441 et...
590 4373 701 4440 ducam
731 4372 925 4458 Stephanum
955 4393 980 4441 s.
1012 4373 1137 4443 Sabbas
1158 4427 1166 4441 .
1193 4427 1201 4442 .
1226 4426 1233 4442 .
1258 4374 1373 4444 Turcis
1395 4375 1596 4460 adhaesisse,

245 4459 381 4543 illosque
402 4461 436 4537 ip
458 4459 594 4544 patriam
616 4459 717 4542 ipsius
740 4461 828 4528 ducis
853 4462 1037 4529 adducendo
1057 4463 1205 4532 maximis
1227 4461 1465 4532 calamitatibus
1487 4462 1595 4546 regio·

246 4567 305 4616 nes
326 4546 400 4614 illas
421 4544 634 4625 subiecisse“;
657 4547 719 4613 imo
742 4549 875 4614 eundem
897 4567 1005 4632 regem
1026 4553 1060 4616 et
1089 4567 1251 4634 quaerere,
1277 4555 1333 4630 ,ut
1354 4554 1498 4618 castrum
1523 4549 1597 4618 Cia·

246 4635 343 4716 sinae,
367 4633 453 4718 quod
474 4633 515 4702 ad
537 4633 657 4702 dictum
678 4633 791 4704 ducem
811 4639 955 4720 spectare
974 4636 1179 4721 dignoscitur,
1195 4638 1229 4705 in
1252 4636 1431 4710 Turearnm
1453 4642 1596 4722 potesta·
