3428 5256
1412 267 1476 329 225

132 471 219 537 dicta
240 469 349 554 puella
370 471 502 538 enutriri
525 478 558 538 et
580 471 703 538 elevare
726 469 800 554 (sic)
823 468 953 536 deberet
974 469 1007 534 in
1030 468 1118 536 curia
1140 469 1293 553 praedicti
1317 471 1474 553 guberna·

98 597 102 604 ν
132 558 221 625 toris.
246 557 308 625 Sed
330 557 450 624 iactum
472 563 521 623 111
543 558 660 624 0111011
682 564 778 640 atque
792 557 962 640 prudentia
977 557 1053 624 dicti
1069 558 1299 641 gubernatoris,
1316 562 1353 622 ut
1367 576 1477 625 omnes

131 645 207 712 illos
229 645 447 712 schismaticas
468 643 624 730 paulatim
646 643 815 727 repellens,
838 649 871 711 et
893 644 1086 728 praedictam
1102 662 1215 711 nurum
1236 663 1325 710 suern
1348 645 1478 711 educari

131 738 166 799 et
188 731 367 800 coalescere
389 739 532 819 curaret3
555 748 637 815 quae
658 731 800 815 profecto
821 730 929 816 puella
952 731 1154 799 devotissima
1174 751 1257 798 nuuc
1279 737 1311 798 et
1333 731 1480 800 christia-

131 821 265 887 nissima
287 825 346 902 est,
369 837 485 888 annam
507 819 665 886 decimum
688 820 818 886 tertium
840 819 1008 902 attingens,
1033 837 1128 901 quarn
1143 818 1237 886 hodie
1260 818 1478 886 confirmatam

134 925 206 974 esse
228 907 406 974 1101011011
428 907 547 992 pariter
568 925 626 990 per
647 905 942 974 reverendissimum
972 905 1133 972 dominam
1155 905 1349 974 cardinalem
1372 907 1476 975 archi-

132 993 315 1080 episcopum
337 994 588 1078 strigoniensem,
610 999 647 1062 at
668 995 799 1062 mandat
820 999 853 1061 et
874 998 963 1060 tenet
984 998 1095 1061 sancta
1116 1011 1247 1062 romana
1270 993 1416 1062 ecclesia.

198 1099 371 1167 Praetaea
396 1117 458 1166 non
488 1117 526 1165 er
554 1099 638 1167 bona
666 1097 887 1166 informatione
916 1095 1059 1166 aielicis
1092 1097 1320 1166 recordationis
1341 1097 1474 1166 Nicolao

132 1205 227 1272 papa,
243 1188 484 1270 praedecessore
498 1190 622 1254 0111111
637 1185 825 1272 sanctitatis,
840 1186 1022 1270 impetrarit
1037 1183 1157 1253 bullam
1172 1205 1235 1252 non
1246 1186 1325 1252 satis
1336 1187 1476 1270 dignam,

132 1279 225 1342 cuins
247 1274 337 1358 capis
359 1274 410 1340 his
432 1271 590 1356 alligatur.
615 1271 712 1341 Ouios
734 1277 901 1358 praetextu
923 1273 1085 1356 praedicat
1107 1271 1199 1341 fidem
1220 1291 1310 1340 snam
1326 1275 1479 1358 optimam

133 1379 206 1428 esse
229 1367 262 1428 et
284 1359 500 1429 confirmatam
522 1380 543 1428 a
564 1360 639 1428 sede
662 1361 834 1446 apostolica
863 1366 895 1427 et
918 1359 1027 1428 multis
1050 1361 1246 1444 argumentis
1268 1359 1384 1428 dilatat
1410 1360 1481 1428 fim-

133 1449 223 1516 brias
245 1467 322 1516 suaa
343 1449 453 1531 rigore
481 1447 583 1516 huius.
616 1447 780 1524 Gloriatur
808 1448 939 1531 proinde
969 1449 1117 1516 habuisse
1139 1467 1159 1514 a
1181 1447 1324 1530 praelata
1346 1451 1482 1532 praede-

133 1553 260 1602 cessore
283 1541 408 1604 vestm
430 1536 607 1603 sanctitatis
629 1533 749 1606 bullam
780 1533 966 1603 aedificandi
989 1553 1100 1602 novem
1123 1535 1193 1601 loca
1215 1534 1248 1600 in
1271 1553 1369 1618 regna
1392 1537 1479 1602 llan-

133 1624 256 1706 gariae,
278 1624 333 1690 uhi
354 1627 560 1691 manutenere
582 1621 651 1690 salt
673 1619 837 1706 calogeros
860 1641 998 1706 graecos,
1026 1625 1080 1705 qui
1103 1623 1230 1690 omnino
1253 1622 1361 1690 dicunt
1384 1623 1482 1706 Spiri-

133 1717 203 1776 tum
227 1715 372 1778 sanctum
393 1729 455 1777 non
477 1712 649 1794 proaedere
671 1710 791 1778 11111011
815 1731 834 1776 1
856 1709 938 1792 1110;
964 1711 1018 1793 qui
1033 1716 1151 1794 negant
1166 1711 1384 1794 purgatorium
1400 1730 1481 1793 esse,

134 1799 192 1881 qui
215 1797 396 1865 inficiantur
425 1798 548 1864 animas
578 1817 834 1882 quorumcunque
862 1803 1043 1866 sanctorum
1073 1797 1192 1865 nullam
1223 1796 1357 1879 gloriam
1380 1817 1481 1882 usque

135 1886 179 1952 ad
202 1885 289 1952 diem
310 1885 418 1952 iudicii
441 1886 576 1966 habere;
598 1903 656 1952 nec
678 1886 797 1952 animas
820 1902 1077 1967 quoramcunque
1099 1886 1319 1952 damnatorum
1342 1883 1480 1968 aliquam

133 1991 274 2058 poenam
304 1973 375 2058 pati
410 1991 512 2056 usque
543 1973 583 2041 ad
612 1973 774 2051 iudicium,
803 1978 837 2039 et
867 1971 968 2038 mults
1005 1972 1079 2056 alia,
1113 1990 1194 2054 quae
1231 1971 1361 2054 longam
1398 1978 1483 2040 esset

133 2079 297 2129 enarrem.

200 2165 293 2245 Quod
317 2183 388 2232 cum
410 2164 457 2231 ita
479 2165 531 2250 sit,
548 2163 748 2232 sanctissime
762 2168 863 2246 pater,
879 2161 1041 2231 humiliter
1055 2160 1198 2246 supplico
1213 2168 1351 2231 vestram
1367 2163 1482 2232 sancti·

134 2257 248 2330 tatem,
270 2259 307 2320 01
328 2271 400 2320 cunr
422 2251 530 2320 divina
551 2253 707 2337 sapientia
729 2251 927 2335 erigentibus
956 2251 1149 2335 temporibus
1172 2247 1307 2335 elegerit
1329 2253 1481 2322 sanctita-

135 2346 201 2408 tem
223 2345 364 2408 vestram
385 2358 448 2407 non
469 2338 572 2406 solum
602 2339 806 2408 servatricem
828 2339 885 2406 sed
911 2337 1083 2405 auctricem
1104 2335 1266 2422 religionis
1288 2339 1480 2407 christianae

134 2433 169 2495 et
190 2425 417 2496 11011111111
439 2426 629 2508 catholicae,
662 2427 811 2510 dignetur
832 2426 995 2493 beatitudo
1024 2430 1130 2493 111111
1152 2427 1201 2492 his
1223 2425 1316 2494 melis
1339 2433 1373 2492 et
1395 2445 1481 2493 erro

10 2591 11 2594 Ἴ
134 2515 226 2583 ribus
256 2515 433 2598 providere,
466 2534 506 2582 re
533 2515 785 2584 accrescentibus
814 2513 953 2600 peccatis
983 2518 1016 2580 et
1044 2512 1265 2596 iniquitatibus
1300 2513 1481 2582 nostrised

135 2604 248 2686 peiora
271 2603 482 2670 deveniamus.
512 2601 709 2685 Infraecripti
736 2609 809 2669 sunt
838 2600 963 2668 articuli
993 2601 1025 2666 in
1055 2602 1169 2684 quibus
1199 2605 1308 2668 errant
1330 2601 1501 2669 Raeciani.

130 2689 230 2844 3111114
241 2689 392 2844 hffim
416 2679 620 2771 Graecorum,
642 2689 752 2774 scripti
774 2690 807 2756 in
830 2689 908 2756 urbe
934 2687 1124 2756 taurinense
1146 2707 1228 2756 anno
1251 2687 1370 2756 damini
1395 2689 1477 2756 1455

166 2796 446 2965 θ(101111111101
467 2881 582 2950 fratres
604 2881 742 2948 minores
757 2880 796 2948 de
811 2879 1013 2948 observantia
1028 2881 1068 2948 de
1090 2880 1209 2948 vicaria
1224 2879 1357 2965 Basaae,
1374 2881 1483 2948 Resci-

10 2983 11 2996 ³
131 2988 192 3038 nos
213 2969 431 3037 schismaticos
453 2973 563 3036 contra
585 2969 747 3036 dominum
769 2972 802 3035 et
823 2967 993 3036 1111111111
1015 2967 1132 3035 domini
1148 2967 1246 3036 nostri
1262 2967 1339 3036 Jesu
1361 2967 1481 3036 Christi

10 3075 12 3088 ⁸
131 3053 239 3124 multa
261 3055 348 3124 mala
370 3062 553 3140 perpetrare
582 3055 616 3122 in
648 3056 733 3139 ipsos
754 3053 870 3124 hatres
891 3060 924 3122 et
947 3056 979 3121 in
1001 3054 1119 3122 Christi
1142 3054 1262 3141 fideles,
1286 3056 1341 3138 qui
1363 3055 1482 3124 adhae-

131 3149 207 3212 rent
229 3147 449 3213 marmoratae
471 3157 620 3212 romanae
652 3142 805 3212 ecclesiae
834 3151 867 3210 et
888 3143 1076 3226 praesertim
1098 3141 1171 3225 ista,
1195 3161 1277 3225 quae
1297 3143 1351 3209 hic
1373 3143 1482 3210 sabee

132 3236 288 3316 quantur,
312 3231 345 3297 in
368 3232 601 3300 damnationem
624 3231 868 3300 christianorum
890 3229 1030 3314 quotidie
1053 3229 1239 3298 inferuntur.

199 3333 365 3404 Atticulae
387 3336 517 3422 primas.
541 3334 705 3404 Violenter
727 3335 917 3404 christianos
931 3335 1102 3403 catholicos
1120 3335 1277 3419 arripiunt
1290 3334 1481 3420 baptizando

131 3421 583 3580 ffmgffioquamum’
615 3423 803 3508 quandoque
833 3423 880 3490 eis
907 3421 1078 3491 auferendo
1108 3424 1200 3506 bona,
1230 3429 1263 3490 et
1293 3423 1482 3506 quandoque

201 3615 368 3684 Articulua
389 3617 554 3692 secandus.
578 3614 690 3684 llaltis
721 3635 759 3682 ex
787 3611 853 3682 illis
875 3615 1043 3682 haereticis
1064 3615 1287 3696 Bonnensibus,
1311 3615 1365 3698 qui
1388 3614 1483 3682 fidem

132 3709 309 3773 tenuerant
343 3703 595 3772 Patharenorum
630 3703 689 3787 (et)
723 3701 889 3771 audientes
920 3703 1050 3770 verbum
1085 3703 1159 3783 Dei,
1189 3708 1416 3770 convertuntur
1443 3703 1483 3770 ad

132 3791 231 3860 fidem
254 3810 432 3877 romanam
465 3791 523 3858 sed
554 3810 574 3858 a
603 3789 845 3874 metropolitano
866 3790 1093 3858 Rasdanorum
1116 3797 1148 3857 et
1171 3789 1243 3858 aliis
1267 3809 1329 3858 nan
1352 3791 1485 3874 permit-

131 3883 251 3946 tuntur
271 3878 487 3964 reconciliari,
509 3879 549 3946 de
571 3877 685 3961 quibrrs
707 3875 800 3944 multi
823 3877 1001 3944 moriuntur
1023 3883 1113 3944 entra
1132 3878 1236 3960 fidem,
1261 3877 1362 3962 magis
1377 3877 1483 3944 volen-

132 3971 188 4035 tes
208 3969 303 4043 extra
324 3964 419 4034 fidem
441 3965 532 4051 mori,
556 3984 650 4048 quam
672 3983 780 4032 eorum
802 3965 1026 4032 Rascianoram
1050 3963 1145 4032 fidem
1168 3965 1336 4050 suscipere.

202 4069 367 4139 Articulas
394 4070 519 4138 tertius.
551 4070 706 4137 Derident
734 4069 842 4137 divina
872 4067 975 4137 officia
1005 4075 1123 4150 nostra,
1152 4074 1185 4136 et
1207 4071 1290 4152 quod
1312 4069 1403 4153 peius
1425 4073 1483 4150 est,

133 4159 267 4243 quando
297 4163 444 4244 portatur
472 4163 704 4227 sacramentam
735 4157 956 4224 Eucharistiae
990 4159 1031 4225 ad
1059 4154 1201 4224 infirmos
1232 4157 1294 4240 ipsi
1328 4153 1485 4223 violenter

132 4251 303 4333 spernaru,
324 4253 476 4330 tanquam
497 4263 565 4313 rem
588 4243 842 4326 abominabilem,
870 4246 902 4308 in
925 4249 1139 4328 contemptum
1161 4242 1234 4310 fidei
1257 4242 1441 4312 catholicae.

202 4351 368 4420 Aniculae
390 4355 532 4434 quartus.
555 4351 625 4417 Non
648 4349 818 4418 observant
839 4347 923 4417 testa
945 4349 1065 4418 indicta
1088 4371 1107 4418 1
1129 4353 1330 4417 sacrosancta
1352 4365 1485 4415 romane

10 4513 11 4518 ,
132 4439 278 4521 ecelesia,
301 4457 359 4506 nec
381 4439 567 4522 permittunt
589 4435 761 4506 catholicos
790 4457 829 4504 ea
861 4435 1084 4506 mordicando
1107 4455 1244 4518 1110111,
1268 4437 1323 4502 111
1347 4433 1483 4518 compel-

131 4526 209 4596 lnnt
232 4526 422 4595 christianos
444 4525 567 4608 aliquas
589 4525 716 4610 quintae
739 4530 772 4592 et
793 4527 898 4593 sextas
920 4523 1018 4592 ferias
1040 4529 1073 4592 et
1094 4521 1246 4591 nonnulla
1268 4522 1350 4591 fests
1372 4541 1485 4590 secun-

131 4615 215 4684 dnm
237 4614 417 4699 opinionem
437 4631 554 4682 eoram.

241 4795 330 4842 marr.
354 4797 440 4840 xxm.
1342 4773 1380 4834 15
