3410 5258
229 221 292 282 294

496 416 700 486 MGLXXIII.
727 415 820 500 1484,
844 416 884 486 29
908 413 1095 495 Februarii,
1119 413 1160 485 29
1184 411 1308 486 tlarttl.

297 542 436 626 Beiazed
465 542 498 608 11
528 539 674 609 soltanus
695 539 806 607 scribit
837 537 997 606 sandtako
1019 537 1256 622 Hercegorinae
1278 534 1419 604 llustala
1440 534 1524 618 bego
1545 537 1580 600 et

230 631 338 699 kadiis
361 633 399 697 de
421 629 489 696 sele
511 628 754 712 Ragnsinorum.

295 733 345 787 Dr.
365 735 413 787 Fr.
432 731 573 788 mertone:
592 731 717 787 Menum.
737 729 851 798 serbica,
870 745 897 800 p.
916 727 976 784 bae.

570 869 772 936 MGLXXIV.
799 867 891 950 1484,
916 866 935 937 b
961 865 1057 948 tulit,
1081 865 1234 953 Segnior.

233 995 382 1080 Tempore
412 995 459 1077 fr.
495 991 662 1058 Francieci
692 1013 712 1056 o
744 991 884 1076 Reperio
912 990 1089 1076 pnerdioni
1120 990 1263 1076 Sepnicn.
1295 997 1324 1056 ct
1349 991 1396 1075 fr.
1423 985 1584 1052 Lndooici

230 1083 344 1148 sicorii
367 1079 536 1145 Boenener'a
559 1101 596 1144 cn
619 1099 767 1146 consensu
790 1081 883 1144 etiem
905 1086 1077 1144 ceterorum
1100 1085 1266 1148 concentus
1284 1080 1426 1160 fratrum
1440 1095 1583 1158 cornpro-

232 1169 327 1234 lotor
353 1167 491 1234 venditio
519 1168 625 1231 vineoe
655 1167 829 1248 cniusdam,
859 1165 966 1267 calvis·
985 1165 1129 1248 fratrum
1156 1165 1281 1230 inritae
1311 1168 1345 1230 in
1371 1165 1583 1228 instrumento

824 1272 992 1338 cupressea.

296 1377 334 1444 In
357 1375 476 1442 (ibristi
497 1375 624 1442 nomine
647 1373 755 1442 Arnen.
777 1373 868 1440 Anno
891 1373 1065 1442 nativitatis
1088 1373 1229 1442 eiusdem
1245 1371 1413 1451 millesimo
1429 1370 1585 1456 quadrin-

232 1464 408 1545 gentesimo
442 1462 655 1546 octuagesimo
690 1465 813 1544 quarto,
848 1461 1021 1528 indictione
1055 1461 1200 1538 mounda,
1233 1461 1284 1528 die
1315 1460 1425 1543 quinto
1460 1457 1585 1526 mensis

233 1550 324 1632 Julii,
348 1548 451 1632 Segne
473 1549 505 1614 in
529 1550 621 1616 domo
650 1549 714 1616 mei
746 1549 862 1616 notarii
890 1553 923 1614 et
952 1546 1132 1614 cancellarii
1151 1547 1354 1630 infrascripti,
1377 1545 1584 1630 presentibus

232 1635 359 1705 domino
383 1636 559 1716 presbitero
580 1635 712 1704 Balasso
735 1635 931 1714 Jnenrolich,
963 1636 1112 1700 canonico
1135 1632 1247 1717 Segne,
1271 1633 1424 1701 Bartholo
1444 1629 1583 1712 Banicb,

232 1726 356 1793 Joanne
379 1721 536 1808 Teneion,
566 1721 689 1789 Joanne
719 1721 889 1802 Soldstich,
922 1719 1058 1802 Georgia
1088 1719 1244 1790 Borovina
1275 1725 1308 1788 et
1333 1720 1453 1788 Jacobo
1476 1717 1585 1786 Ocho

235 1810 378 1878 chlasich
399 1814 548 1892 prestauo
570 1809 645 1875 dato
667 1809 700 1873 in
722 1807 862 1891 presenti
888 1807 1098 1874 instrumento
1114 1825 1171 1890 per
1185 1807 1308 1874 nobiles
1323 1807 1408 1874 viros
1421 1806 1583 1872 Drascum

233 1901 267 1964 et
289 1898 449 1964 Donatum
463 1895 615 1978 hyadren.
631 1897 672 1961 ad
686 1894 879 1978 presentiam
894 1893 1089 1960 honorabilis
1102 1894 1215 1961 iudicis
1230 1895 1366 1978 segnien.
1381 1893 1517 1960 testibus
1539 1890 1584 1958 ad

232 1985 294 2052 hoc
315 1981 524 2064 infrascriptis
546 1981 674 2061 habitis,
697 1982 817 2049 vocans
839 1987 872 2047 et
893 1981 1023 2064 rogetis.
1047 1979 1128 2047 Cum
1149 1981 1202 2057 sit,
1220 1981 1303 2062 quod
1320 1980 1465 2048 dominus
1480 1977 1585 2044 irater

233 2070 423 2136 Francisco's
452 2071 492 2134 de
521 2068 672 2150 Ragonio,
705 2069 898 2148 guardisnus
929 2072 1102 2136 conventus
1134 2086 1159 2132 a.
1181 2067 1344 2135 Francisci
1371 2065 1484 2150 Segne,
1509 2082 1585 2132 cum

233 2155 398 2222 voluntate
419 2155 538 2222 domini
567 2153 675 2224 fratris
705 2155 863 2235 Lodouici,
893 2155 1004 2222 vicarii
1033 2153 1201 2238 provincie,
1228 2172 1265 2220 ac
1288 2152 1422 2236 aliorum
1446 2154 1586 2220 fratrum

235 2243 312 2314 dicti
335 2246 516 2324 conventus,
540 2260 681 2308 necnon
711 2260 781 2308 cum
804 2242 887 2309 scitu
919 2247 951 2308 et
973 2241 1162 2308 anctoritate
1183 2239 1298 2308 iudicis
1322 2239 1470 2322 Gregorii
1492 2237 1587 2306 Aboh

235 2335 269 2396 et
290 2327 420 2408 Georgii
442 2327 598 2395 Zuancicb
622 2333 859 2410 procuratorum
882 2329 959 2395 dicti
981 2332 1163 2408 conventus,
1187 2326 1321 2408 dederit,
1345 2327 1478 2394 cesserit
1502 2330 1537 2393 et
1553 2325 1587 2389 in

235 2421 423 2502 perpetuum
455 2413 626 2480 contulerit
654 2415 807 2496 magistro
840 2413 977 2496 Georgio
1007 2415 1046 2481 de
1070 2415 1241 2481 Drescnico
1271 2413 1426 2497 pelipario
1459 2417 1494 2478 et
1517 2413 1588 2478 eius

234 2501 406 2569 heredibus
428 2519 524 2566 unam
546 2519 635 2566 suam
666 2503 790 2567 vineam
819 2499 895 2568 dicti
918 2501 1102 2567 monasterii
1128 2499 1304 2570 desolatam
1329 2507 1363 2566 et
1386 2499 1585 2575 derelictam,

235 2588 370 2672 positam
400 2588 433 2652 in
464 2588 535 2654 vale
561 2588 691 2668 Bescbe,
722 2590 754 2652 in
783 2587 852 2654 loco
882 2586 967 2654 dicto
997 2587 1154 2654 Podcoxio
1185 2606 1280 2670 super
1301 2587 1424 2652 vineam
1446 2585 1586 2652 loannis

235 2675 382 2741 Tertcicb
405 2691 477 2740 cum
499 2675 644 2740 omnibus
665 2675 732 2740 suis
753 2674 885 2752 iuribus,
909 2671 1083 2740 confinibus
1106 2679 1138 2740 et
1160 2673 1430 2741 iurisdictionibus
1453 2689 1493 2737 ac
1510 2690 1586 2752 pro-

233 2761 435 2846 prietatibus,
458 2762 499 2826 ad
521 2761 700 2827 huiusmodi
721 2761 901 2840 tenendum,
926 2759 1143 2844 plantandum,
1167 2761 1357 2843 donandum,
1376 2758 1585 2825 vendendum

235 2855 269 2916 et
291 2845 493 2915 alienandum
515 2865 572 2930 pro
595 2847 698 2914 anime
721 2852 754 2912 et
775 2865 906 2929 corpore
935 2846 1146 2926 iudicandum,
1169 2866 1239 2913 cum
1263 2846 1366 2930 pactis
1388 2852 1421 2912 et
1444 2863 1585 2912 eonven-

236 2935 386 3014 eiouibus,
409 2935 493 3016 quod
515 2940 661 3000 teneatur
683 2933 828 3016 plantare
849 2935 968 3001 dictum
991 2939 1153 3000 terrenum
1175 2934 1293 3000 vitibus
1310 2951 1348 3000 ac
1362 2934 1443 2999 bene
1459 2937 1494 2998 et
1510 2930 1588 2997 dili·

236 3025 348 3104 genter
370 3019 542 3103 ligonizare
566 3038 603 3086 ac
625 3020 769 3088 laborare
792 3025 825 3088 et
846 3021 923 3087 dare
946 3020 1029 3087 dicto
1056 3021 1223 3088 conventui
1245 3039 1271 3087 s.
1294 3019 1455 3086 Francisci
1479 3017 1585 3101 Segne

236 3107 405 3189 septimam
427 3111 550 3190 partem
580 3107 647 3172 vini
677 3113 810 3188 tantum,
842 3113 877 3173 nt
900 3109 939 3174 de
963 3107 1113 3192 predictis
1135 3109 1280 3174 omnibus
1308 3111 1434 3173 constat
1455 3104 1588 3190 publico

236 3193 456 3277 instrumento,
486 3197 598 3275 rogato
631 3213 689 3276 per
717 3213 777 3272 me,
811 3194 969 3262 notarium
999 3193 1235 3279 infrascriptum
1264 3193 1322 3260 snb
1353 3212 1437 3259 anno
1463 3191 1588 3259 domini

237 3279 405 3346 millesimo
427 3279 740 3362 quadringentesimo
762 3281 976 3364 octuagesimo
999 3281 1110 3366 primo,
1134 3280 1302 3348 indictione
1317 3279 1587 3362 decimaquarta,

238 3368 290 3434 die
313 3367 433 3432 decimo
463 3373 552 3432 sexto
582 3368 701 3433 mensis
729 3366 874 3450 Augusti.
904 3367 996 3434 Nunc
1027 3387 1104 3434 voco
1127 3368 1245 3434 dictum
1272 3368 1459 3450 magistrum
1483 3366 1586 3433 Geor-

237 3454 325 3536 gium
342 3505 350 3520 .
367 3504 373 3518 .
393 3503 399 3517 .
423 3451 604 3519 huiusmodi
627 3472 699 3520 cum
721 3453 883 3520 voluntate
905 3459 939 3519 et
961 3455 1043 3520 scitu
1066 3455 1141 3520 dicti
1157 3453 1276 3520 domini
1295 3453 1405 3520 fratris
1421 3451 1586 3520 &erronei

238 3537 404 3622 guardiani
435 3557 471 3605 ac
502 3539 609 3607 fratris
639 3539 769 3606 Antonii
799 3539 990 3608 stallorum
1019 3541 1164 3624 fratrum,
1188 3559 1247 3606 nec
1274 3559 1335 3606 non
1359 3558 1431 3606 cum
1454 3537 1587 3607 licentia

238 3626 394 3693 dictorum
416 3631 656 3708 procuratorum
677 3645 734 3710 per
756 3646 941 3710 saeuosque
957 3629 1089 3695 heredes
1104 3633 1136 3693 et
1151 3645 1348 3694 successores
1363 3627 1462 3706 dedit,
1479 3625 1586 3714 cessit,

238 3711 370 3779 tradidit
392 3716 424 3778 et
447 3712 587 3779 vendidit
608 3713 745 3796 Georgio
768 3715 807 3779 de
831 3713 949 3797 Stagno
972 3713 1091 3780 famulo
1117 3713 1251 3780 loannis
1267 3713 1414 3780 'l'retcich
1430 3713 1586 3796 presenti,

238 3817 297 3880 pro
318 3816 354 3865 se
375 3803 409 3864 et
430 3799 496 3864 suis
519 3799 688 3866 heredibus
718 3805 750 3866 et
773 3801 1004 3867 successoribus
1026 3799 1193 3884 stipulanti
1220 3805 1253 3865 et
1275 3799 1442 3882 accipienti
1464 3799 1586 3867 dictam

238 3886 363 3952 vineam
385 3903 456 3950 cum
479 3886 623 3952 omnibus
646 3886 713 3952 suis
742 3887 873 3968 iuribus,
897 3887 1068 3953 bonoribus
1092 3892 1125 3952 et
1148 3887 1349 3969 pertinenciis
1373 3905 1410 3952 ac
1431 3887 1585 3970 predictis

239 3972 340 4054 pactis
363 3971 567 4038 observandis
596 3974 637 4039 ad
667 3973 856 4053 habendum,
887 3974 1069 4055 tenendum,
1100 3973 1299 4040 vendendum
1329 3978 1361 4039 et
1391 3972 1584 4056 donandum,

238 4076 297 4142 pro
319 4057 426 4124 anima
447 4062 480 4124 et
509 4077 639 4139 corpore
667 4060 872 4126 iudicandum
903 4064 935 4126 et
957 4059 1110 4142 quidquid
1133 4059 1218 4125 dicto
1240 4059 1378 4142 Georgia
1401 4060 1440 4126 de
1464 4059 1584 4142 Stagno

239 4148 373 4210 etcum
403 4144 572 4224 heredibus
603 4147 714 4211 amodo
737 4154 889 4230 perpetuo
919 4145 1074 4228 placuerit
1102 4145 1281 4212 faciendum
1310 4147 1369 4213 sub
1400 4146 1584 4213 condicione

240 4229 375 4297 alicuius
396 4249 530 4314 persone
562 4231 612 4298 vel
634 4232 718 4298 netis
740 4233 824 4298 dicte
855 4233 955 4314 partis
978 4233 1125 4316 superius
1148 4237 1283 4299 arctata
1307 4233 1350 4298 Et
1372 4233 1432 4298 hoe
1454 4234 1583 4318 proprio

240 4321 273 4383 et
294 4317 420 4383 nomine
442 4317 540 4401 precii
574 4319 759 4384 ducatorum
789 4337 903 4385 norem
926 4319 1002 4400 auri,
1027 4338 1105 4402 quos
1131 4319 1235 4386 dietus
1259 4319 1415 4403 Georgius
1437 4321 1584 4388 venditor

238 4402 352 4472 habuit
374 4408 406 4469 et
428 4404 548 4488 recepit
570 4405 725 4472 manualis
747 4405 780 4470 in
803 4425 880 4473 auro
904 4427 923 4472 a
946 4407 1030 4472 dicto
1052 4405 1189 4488 Georgio
1212 4411 1363 4489 emptore,
1379 4407 1582 4489 presentibus

240 4491 332 4558 dictis
354 4491 491 4560 testibus
513 4496 547 4558 et
568 4509 619 4562 me
641 4493 766 4561 namma
787 4491 987 4575 inbannpn
1010 4494 1094 4560 omni
1116 4492 1296 4575 exceptioni
1315 4492 1394 4560 iuris
1409 4500 1443 4559 et
1458 4493 1536 4560 facti
1551 4494 1576 4558 in

240 4577 392 4662 predictis
414 4583 448 4644 et
469 4577 677 4662 infrascriptis
705 4579 833 4662 penitus
867 4579 1055 4647 renuncians
1078 4580 1181 4648 dictus
1204 4579 1358 4660 venditor,
1382 4579 1438 4662 qui
1462 4585 1576 4648 contra·
