3406 5262
1394 277 1454 338 143

172 472 255 538 Item
285 473 366 541 ferie
394 479 509 556 quarta
543 475 780 561 appl(icuimus)
810 477 851 544 ad
881 477 999 544 dictam
1021 477 1170 563 Posesyn
1194 479 1248 547 ubi
1270 480 1363 546 mode
1385 498 1455 562 per-

106 564 246 626 tractato
269 559 371 644 ipsum
401 561 509 630 Franlr
539 563 655 630 basum
686 581 757 629 cum
787 561 881 646 pleno
911 571 1068 648 apparatu
1099 565 1288 650 invenimus,
1315 572 1348 634 et
1370 565 1455 634 circa

105 645 275 712 meridiem
306 647 357 714 vel
387 654 460 731 post
487 649 663 734 incepimus
692 651 795 730 ipsam
828 650 1133 736 trans(iretatiouem
1164 654 1287 735 eadem)
1321 653 1389 726 dis.
1423 658 1455 721 ct

104 737 200 800 nocte
224 735 423 802 tramlretati
445 755 554 804 sumus
575 737 766 821 Danubium,
791 737 888 821 (cum)
912 739 1071 819 equitibus
1093 739 1214 807 scilicet
1236 745 1268 806 et
1283 740 1453 824 peditibus.

170 838 256 906 Item
279 839 358 908 ferie
381 841 492 923 quinta
515 859 607 908 mane
629 841 774 924 sequenti
804 843 913 908 audita
934 843 1032 911 mtssa
1062 861 1119 925 pro
1149 842 1252 911 salute
1274 847 1308 911 et
1330 861 1455 927 prospe-

105 925 205 991 ritate
229 926 363 1007 itineris,
387 927 522 994 eundem
552 927 660 995 Franlr
691 927 808 995 benum
829 928 917 996 inita
946 929 1130 998 mandatum
1152 949 1177 997 s.
1201 949 1229 994 v.
1253 931 1287 996 in
1309 930 1454 998 custodia

105 1017 232 1098 portus,
255 1013 310 1079 ubi
332 1033 360 1080 r.
384 1032 409 1083 s.
439 1014 599 1080 hominum
629 1019 835 1097 nostrumque
861 1014 1020 1099 reiuqum
1042 1021 1114 1100 post
1140 1017 1235 1082 deum
1257 1015 1454 1098 reliquimus,

106 1098 324 1166 valedicentes
339 1101 370 1165 in
386 1102 511 1167 nomine
527 1101 646 1168 domini
667 1101 730 1168 iter
745 1105 888 1168 nostrum
903 1121 1017 1170 versus
1036 1101 1170 1169 Salathii
1185 1121 1313 1186 gressus
1329 1110 1454 1170 nostros

106 1186 337 1268 protendimus,
360 1187 415 1254 ubi
436 1188 469 1253 in
484 1186 580 1254 fluvio
599 1189 728 1270 Marwa,
744 1188 798 1255 ubi
815 1189 987 1256 Turcomm
1002 1208 1100 1257 neves
1114 1195 1149 1256 ¹et
1164 1189 1255 1272 galee
1270 1190 1454 1258 existebant.

172 1291 257 1356 Item
287 1292 419 1358 sabbato
448 1292 591 1375 sequenti
621 1293 655 1358 iu
683 1291 765 1359 festo
799 1291 989 1376 (beatorum)
1025 1295 1134 1359 decem
1163 1291 1287 1358 milium
1317 1292 1454 1359 militum

107 1377 312 1462 (martyrum)
337 1379 480 1445 venimus
502 1379 541 1446 ad
564 1377 694 1464 lc(cum)
712 1427 719 1442 .
738 1431 769 1445 ..
792 1377 1067 1446 constellacionem
1089 1379 1302 1462 predictarum
1324 1381 1452 1446 navium

107 1463 326 1546 exploratores
349 1465 449 1531 nostri
466 1517 472 1530 .
491 1517 522 1532 ..
547 1466 680 1534 nambus
703 1470 735 1532 et
756 1465 857 1548 galeis
879 1483 950 1533 cum
965 1467 1112 1533 omuibus
1126 1465 1346 1532 instrumentis
1361 1465 1453 1532 belli·

108 1551 190 1616 oosis
216 1557 248 1617 et
270 1553 403 1619 navibus
437 1553 477 1618 ad
506 1551 610 1619 locum
640 1557 749 1635 aptum
772 1561 805 1618 et
826 1551 1111 1620 sufficientem...
1135 1550 1231 1638 (cum)
1260 1553 1453 1636 cuspidibus,

105 1637 237 1718 lanceis,
268 1637 389 1722 clipeis,
419 1639 565 1717 arcubus,
597 1639 732 1722 sagittis,
762 1637 913 1719 balistris‚
943 1639 1112 1724 pixidibus,
1147 1638 1388 1722 bombardisque
1420 1645 1452 1706 et

105 1723 276 1808 pulverum
298 1727 399 1808 copia,
429 1725 580 1810 predictis
603 1725 794 1806 bombardis,
818 1723 942 1792 balistis
965 1731 998 1792 et
1020 1725 1178 1810 pixidibus
1201 1725 1371 1808 dispositis,
1395 1727 1454 1792 sci·

106 1809 183 1876 licet
205 1812 424 1894 protinus...
449 1818 482 1878 et
504 1813 604 1878 multo
632 1812 717 1892 ignis
746 1812 891 1878 incendio
924 1812 1065 1879 comburi
1096 1817 1128 1878 et
1151 1813 1291 1878 consumi
1318 1811 1451 1880 fecimus

106 1895 283 1978 pulverem,
306 1899 393 1978 ipsas
415 1899 538 1982 (naves)
560 1917 617 1983 per
639 1899 757 1965 dietum
780 1896 910 1965 fluvium
934 1899 1046 1966 Morus
1068 1899 1109 1966 ad
1123 1897 1315 1976 Danubium,
1338 1898 1452 1966 deinde

106 1982 147 2048 ad
170 2003 260 2050 mare
284 1985 531 2063 transmisimus3
555 1987 700 2052 custodes
722 2003 797 2052 rere
819 1985 975 2052 dictarum
998 1985 1125 2052 navium
1148 1991 1180 2050 et
1203 1984 1375 2068 galearum,
1398 1987 1452 2067 qui

105 2069 219 2152 fugere
242 2091 304 2136 non
326 2071 494 2139 valuerunt
518 2072 561 2156 (a)
584 2072 767 2138 custodibus
789 2072 934 2156 (nostris)
957 2074 990 2138 in
1013 2089 1068 2138 ore
1090 2071 1190 2154 gladii
1208 2071 1359 2138 trucidari
1375 2070 1450 2138 feci-

102 2173 197 2236 mue3
231 2157 350 2225 ibidem
383 2157 528 2226 incendio
557 2157 698 2225 consumi
728 2162 762 2222 et
791 2159 934 2225 comburi
964 2158 1098 2226 fecimus
1129 2157 1222 2226 villas
1255 2157 1328 2224 illas
1351 2158 1451 2225 eciem

105 2244 252 2310 cominus
281 2242 385 2311 locum
415 2243 667 2312 comtellaeionis
700 2244 857 2312 dictarum
891 2247 1017 2314 navium
1047 2249 1079 2311 et
1110 2245 1274 2328 galearum
1296 2263 1334 2312 ac
1356 2245 1452 2312 castri

104 2328 241 2396 Petrccz
264 2331 454 2414 ediscentes,
476 2331 597 2400 scilicet
618 2332 701 2416 ignis
722 2332 866 2398 incendio
885 2331 1026 2398 consumi
1046 2337 1079 2400 et
1093 2331 1252 2400 comburri
1270 2330 1409 2398 lecimus.

171 2433 257 2500 Item
279 2436 331 2502 die
353 2435 509 2504 dominico
532 2437 678 2520 sequenti
708 2436 919 2503 continuando
948 2435 1010 2503 iter
1033 2441 1175 2503 nostrum
1197 2454 1307 2504 versus
1330 2434 1451 2519 Zalagh

7 2553 8 2556 π
105 2539 216 2587 omnes
241 2526 274 2588 et
297 2522 454 2605 quaslibet
482 2514 575 2592 villae
606 2525 850 2606 sucumquaque
878 2522 1049 2591 existentes
1071 2541 1171 2606 usque
1193 2521 1235 2590 ad
1257 2528 1395 2589 castrum
1419 2527 1452 2588 et

104 2607 271 2758 cfziritatem
302 2609 450 2680 Orusolcn
478 2615 621 2694 repertas
649 2611 776 2693 penitus
805 2609 929 2676 intuto
958 2611 1033 2692 igne
1063 2609 1204 2677 consumi
1235 2613 1268 2676 et
1290 2608 1451 2676 comburri

118 2713 251 2763 ecimus.

170 2782 256 2848 Item
279 2782 363 2850 dicto
384 2782 437 2850 die
451 2783 608 2868 dominico
623 2784 707 2850 circa
721 2783 886 2850 meridiem
902 2783 942 2850 ad
957 2783 1075 2850 dictam
1090 2781 1251 2850 civitatem
1267 2785 1299 2847 et
1315 2786 1453 2850 castrm

105 2865 260 2936 (Irosolcz
292 2868 509 2954 applicuimus,
540 2869 648 2952 ibique
682 2889 780 2952 parve
811 2889 901 2937 mora
928 2875 1087 2954 protracta
1118 2869 1213 2950 diem,
1244 2873 1337 2951 prout
1365 2870 1453 2950 prius

105 2974 234 3038 quoque
263 2957 297 3022 in
326 2956 493 3039 Hungaria
522 2957 559 3022 V.
594 2955 626 3024 S.
649 2975 748 3040 regno
770 2963 917 3024 consueto
947 2957 980 3022 in
1004 2955 1182 3023 Houanium
1216 2955 1286 3038 (sic)
1310 2955 1451 3021 introdu-

104 3043 206 3108 cendo
230 3041 372 3124 vigiliam
394 3043 467 3110 testi
489 3044 575 3111 beati
598 3043 752 3111 Iohannis
774 3044 922 3127 baptiste,
948 3042 1130 3125 postpositis
1153 3042 1312 3123 carpentis
1328 3047 1361 3106 et
1378 3041 1451 3108 aliis

104 3127 203 3210 lignis
233 3149 293 3214 pro
322 3130 395 3211 igne
424 3130 533 3213 vigilie
564 3131 641 3196 dicti
671 3131 755 3198 beati
786 3129 942 3196 Johannis
963 3129 1102 3212 baptiste
1125 3125 1173 3196 sal
1189 3180 1196 3192 .
1215 3179 1222 3193 .
1239 3177 1269 3194 ..
1292 3127 1325 3193 in
1349 3134 1453 3194 castro

104 3215 318 3282 habitacionis
341 3221 373 3283 et
395 3235 492 3298 prope
514 3216 665 3301 profanae
688 3217 861 3283 mansionis
878 3217 1009 3282 dominii
1024 3214 1199 3282 Turcorum
1217 3215 1323 3297 ignem
1338 3214 1454 3281 solem·

105 3321 178 3368 nem
201 3303 238 3368 in
260 3300 392 3370 edificiis
413 3303 514 3387 ipsios
537 3303 634 3371 castri
656 3309 689 3371 ct
711 3303 849 3370 civitatis
871 3303 1136 3386 pertinentiisque
1151 3302 1343 3381 eorumdem,
1359 3305 1454 3383 prout

105 3389 144 3455 ab
167 3389 312 3458 infancia
334 3397 443 3457 nostra
472 3409 572 3472 usque
601 3391 643 3458 ad
665 3409 795 3474 presens
824 3394 985 3474 peractam
1007 3387 1149 3472 siglliam
1170 3388 1346 3472 predictam
1369 3387 1454 3454 beati

104 3475 264 3544 Iohannis
285 3477 423 3558 baptiste
445 3495 517 3543 oum
539 3482 627 3546 tanto
649 3496 668 3543 e
690 3477 884 3544 validissimo
906 3476 979 3559 igne
1002 3493 1060 3542 nec
1092 3494 1150 3542 nos
1185 3493 1243 3544 nec
1264 3474 1347 3541 alius
1372 3473 1453 3540 cele·

103 3561 273 3631 bravimus
294 3563 345 3630 vel
368 3563 523 3631 celebrari
545 3563 690 3645 vidImua,
713 3581 785 3630 cum
808 3564 927 3630 dictum
949 3568 1051 3630 totum
1077 3567 1215 3630 castrum
1237 3565 1271 3627 et
1292 3561 1455 3628 civitatem

105 3667 178 3717 cum
202 3651 422 3718 ediscentibus
443 3651 526 3734 ignis
547 3651 698 3733 voragme
720 3652 761 3718 ad
784 3649 918 3717 nihilum
940 3649 1044 3732 redigi
1067 3649 1208 3716 fecimus.

170 3756 311 3824 Domum
333 3755 374 3824 ad
396 3754 521 3822 laudem
545 3755 596 3822 dei
619 3761 652 3822 et
677 3754 806 3838 virginis
828 3753 965 3838 gloriose
979 3755 1092 3821 matris
1106 3753 1247 3820 eiusdem
1262 3755 1339 3818 tunc
1354 3751 1454 3818 eciem

105 3849 279 3928 propterea
300 3841 520 3909 festinavimus
542 3841 659 3908 dictam
682 3841 823 3923 vigiliam
846 3842 932 3908 beati
954 3841 1111 3908 Johannn
1134 3839 1280 3921 baptiste,
1298 3838 1453 3920 quiaipso

104 3936 251 4012 tempore
274 3928 450 4008 concurrit3
474 3929 600 3995 demum
621 3929 751 4012 insuper
772 3933 901 4012 propter
923 3927 1151 3994 exaltationem
1174 3931 1207 3992 et
1228 3926 1381 3992 honorem
1404 3943 1453 3990 oe

103 4017 288 4099 sareetque)
311 4015 487 4082 maiestatis
508 4021 613 4082 vestre
636 4015 834 4102 dignitatem,
850 4021 918 4080 turo
934 4020 967 4081 et
981 4015 1173 4098 permaxime
1188 4013 1221 4078 in
1237 4009 1452 4079 confusionem

105 4110 137 4170 et
159 4103 339 4182 horrorem,
369 4101 572 4186 obprobrium
595 4107 629 4168 et
650 4102 884 4186 oppressionem
914 4099 1030 4186 prelati
1053 4099 1183 4168 dominii
1206 4097 1380 4166 Turturum
1397 4149 1404 4163 .
1422 4149 1453 4163 ..

115 4190 156 4256 lei
180 4208 255 4256 cum
277 4189 435 4256 adiutorio
458 4187 690 4272 complerimus.

169 4293 245 4360 Hiis
266 4295 406 4378 peractis
434 4295 579 4374 sequenti
608 4293 670 4378 die,
703 4294 761 4362 hcc
791 4297 840 4360 est
862 4293 895 4360 in
917 4292 1060 4377 predicto
1083 4289 1165 4358 leste
1186 4289 1271 4356 beati
1294 4287 1450 4356 Johanuis

115 4381 256 4466 aprinae,
279 4381 401 4446 dictum
422 4377 539 4446 flumen
563 4381 683 4447 Morus
703 4380 906 4447 transiemus
929 4379 970 4446 ad
986 4383 1088 4446 terras
1103 4378 1235 4460 despoti,
1252 4375 1451 4458 quamvis...

119 4468 142 4534 l.
167 4467 201 4534 S.
224 4468 316 4536 nobis
340 4467 613 4536 commiserat...
639 4468 718 4551 (per)
741 4475 844 4536 terrae
873 4467 973 4550 ipsius
1001 4464 1125 4549 despoti
1157 4483 1218 4530 uon
1240 4463 1287 4528 ire
1308 4479 1366 4528 nec
1388 4459 1453 4526 illis

115 4575 137 4620 n
159 4553 270 4638 aliquo
301 4555 473 4636 damnum
500 4554 628 4635 inferre,
660 4559 766 4622 amen
795 4558 924 4637 propter
955 4551 1080 4636 aliquas
1102 4569 1198 4619 nares
1225 4554 1256 4616 et
1279 4547 1389 4630 galeas
1411 4546 1453 4615 ad

123 4661 165 4710 oc
194 4643 228 4709 in
256 4641 344 4710 mmo
367 4641 470 4726 ‚fluvio
492 4647 636 4726 repertas
659 4646 691 4708 et
713 4659 775 4708 non
794 4640 990 4709 invenientes
1012 4638 1133 4708 scilicet
1155 4638 1196 4705 ad
1219 4637 1356 4716 easdem,
1381 4651 1451 4702 cum
