3428 5256
1433 290 1498 354 223

154 493 242 562 metb
272 491 449 561 Terrarum
480 491 705 576 imperatorem
741 511 910 577 occupasse
942 492 1137 579 potusimam
1173 493 1305 564 Rosciae
1327 493 1496 580 civitatem,

154 582 338 650 Nobordam
360 579 576 668 (Novoberdol
599 581 733 666 nomine,
755 581 811 648 ubi
833 580 903 648 auri
927 589 960 648 et
981 582 1104 666 argenti
1126 581 1235 652 iodina
1256 587 1315 665 est,
1338 603 1419 668 quae
1441 585 1494 652 do·

154 669 242 736 mino
263 687 321 737 suo
344 668 515 753 aunuatim,
539 673 576 734 ut
597 667 711 748 ierunt,
736 671 862 735 eentum
884 673 917 736 et
938 668 1046 753 uiginti
1069 669 1172 737 millia
1185 671 1372 739 ducatorum
1387 672 1494 738 redde-

154 757 229 837 bat;
252 763 376 826 ceteras
397 775 474 824 uero
496 754 641 823 civitates
663 760 697 822 et
718 755 831 839 oppida
853 757 957 824 omnia
979 757 1021 825 ad
1036 757 1256 826 exterminium
1272 778 1341 826 esse
1363 759 1491 828 radam.

153 844 271 913 'l'erret
298 863 418 927 omues,
449 842 629 912 besdsdma
650 847 760 929 pater,
787 848 948 911 tantorum
976 843 1168 928 damtiorum
1196 847 1494 930 commissarumque

155 930 322 1017 aeduum,
345 937 378 999 et
399 932 484 1015 quod
505 935 631 999 avertat
653 931 759 998 deins
781 931 892 1013 pietas,
915 931 948 996 in
963 931 1032 1000 dies
1045 934 1149 1017 magis
1164 936 1391 1018 patrandorum
1407 935 1493 1000 solus

154 1020 286 1102 qudem
307 1020 452 1100 auditns;
474 1023 507 1086 et
529 1035 591 1084 non
612 1017 733 1086 frustra
754 1017 925 1100 dubitatur,
949 1020 1033 1101 quod
1056 1020 1084 1086 si
1105 1020 1145 1088 de
1159 1021 1298 1088 remedio
1319 1028 1494 1105 opportuno

150 1109 219 1175 eito
249 1125 313 1176 nen
333 1107 546 1191 provideatur,
576 1123 629 1172 res
659 1105 693 1172 in
719 1105 857 1189 peiorem
887 1107 1006 1173 exitum
1027 1106 1150 1174 evadet.
1184 1109 1289 1188 Quare
1311 1108 1492 1177 beatissime

152 1199 257 1279 pater,
279 1212 351 1262 oum
372 1193 432 1261 tibi
454 1213 474 1260 a
495 1193 563 1260 Deo
577 1193 654 1261 data
675 1191 718 1260 sit
740 1197 889 1275 potestas,
913 1195 1176 1277 quemadmodum
1190 1201 1301 1264 sancte
1315 1195 1492 1278 instituisti,

151 1299 357 1366 prosequere,
379 1285 416 1347 ut
438 1284 547 1349 saneta
568 1279 647 1347 fides
676 1279 831 1348 catholica
860 1279 972 1349 effectu
993 1283 1146 1350 somiatnr
1168 1283 1438 1351 conservationem
1460 1288 1494 1350 et

151 1374 366 1453 augmentum
389 1367 516 1436 Canum
540 1368 686 1450 equidem
707 1367 816 1452 habau,
840 1368 925 1450 qnod
947 1388 1009 1434 non
1031 1371 1072 1436 ad
1087 1369 1174 1436 aliud
1196 1375 1229 1436 ta
1251 1371 1339 1438 Deus
1352 1371 1494 1440 servavit

150 1455 187 1522 in
209 1457 270 1524 boe
291 1462 416 1539 tempus
437 1455 681 1540 provehendum,
703 1455 764 1521 nisi
786 1461 822 1520 ut
837 1457 1015 1523 necessario
1030 1463 1172 1540 tompore
1187 1464 1300 1541 parata
1315 1475 1493 1546 conserues,

153 1544 321 1628 deperdita
341 1548 500 1612 resumes
522 1547 554 1609 et
575 1540 658 1610 male
680 1560 715 1609 se
736 1541 885 1612 habentia
906 1545 1049 1612 membra
1070 1546 1111 1612 sd
1133 1543 1291 1628 integrum
1306 1563 1420 1630 corpus
1435 1550 1492 1614 tua

152 1631 273 1699 virtute
295 1635 329 1697 et
350 1649 414 1698 una
434 1630 627 1714 redigantur.
662 1628 859 1712 Scripseram
886 1631 988 1715 pridie
1010 1636 1085 1699 tuas
1106 1632 1278 1718 sanctitati,
1301 1631 1386 1716 quod
1408 1651 1493 1701 sers-

152 1719 320 1787 uissimum
340 1735 448 1803 regem
476 1716 656 1802 &nonum
677 1715 896 1800 spiritualibus
926 1724 959 1785 et
981 1718 1209 1803 temporalibus
1230 1721 1328 1788 musis
1350 1739 1490 1801 ornares,

152 1811 187 1872 et
209 1806 354 1890 quumvis
383 1803 573 1874 excellenter
601 1810 712 1889 potans
742 1805 866 1888 existet,
898 1805 1002 1874 adhue
1030 1812 1087 1874 tua
1108 1807 1261 1874 sanctitas
1283 1809 1493 1892 potentiorem

153 1892 310 1976 efficeret3
333 1911 412 1980 opus
434 1893 560 1976 quidem
589 1911 659 1959 esse
688 1895 765 1976 puto
792 1910 828 1958 ac
856 1892 949 1959 nimis
971 1899 1192 1982 opportunum,
1216 1900 1253 1963 ut
1274 1914 1315 1961 ne
1337 1895 1414 1962 dum
1436 1912 1494 1977 per

151 1999 255 2064 mare,
278 1982 452 2049 sedetiam
474 1998 530 2065 per
552 1985 671 2048 terram
692 1979 765 2048 huie
785 1977 905 2063 perfido
928 1978 1049 2047 Christi
1072 1981 1155 2048 hosti
1178 1986 1210 2049 et
1232 1983 1402 2049 resistatur
1417 1983 1492 2048 viri-

152 2067 230 2170 litor
251 2075 286 2136 et
306 2067 419 2170 fortius
441 2065 636 2169 confligatur.
659 2064 740 2133 Cum
773 2068 857 2168 enim
879 2067 939 2136 hac
960 2068 1012 2170 die
1037 2067 1229 2152 colloquium
1251 2088 1323 2136 cum
1344 2070 1416 2136 istis
1437 2069 1492 2136 do

150 2153 478 2324 ffltfttrt
497 2153 1493 2342 bittit,tltttntttllltttttltttltl:

149 2331 334 2415 sumptibus
361 2335 395 2398 et
422 2348 567 2414 expensus
595 2331 770 2414 positurum
798 2330 832 2396 in
861 2331 958 2396 ermis
980 2335 1013 2397 et
1036 2332 1067 2395 in
1090 2333 1230 2398 exercitu
1257 2332 1366 2398 decem
1389 2329 1493 2398 millis

150 2419 309 2502 equitum,
332 2437 389 2485 suo
410 2417 542 2486 arbitrio
560 2415 747 2498 electorum;
762 2416 842 2484 dixit
856 2417 993 2502 insuper,
1009 2419 1094 2500 quod
1108 2418 1329 2485 serenissimus
1345 2419 1491 2487 dominus

77 2505 78 2508 ’
148 2524 209 2572 rex
230 2504 408 2590 ladislaus,
431 2523 489 2588 pro
510 2508 577 2572 toto
597 2505 723 2572 residuo
749 2505 840 2586 regni
869 2504 1052 2588 Hungariae
1074 2506 1209 2590 parabat
1235 2506 1348 2589 uiginti
1370 2504 1490 2586 millia3

124 2607 129 2614 ·
150 2595 305 2678 daspotus
325 2598 432 2661 autem
452 2591 596 2674 Rosciae,
619 2591 762 2676 quamvis
783 2591 876 2659 valde
897 2589 1115 2659 damnificatus
1136 2593 1189 2678 sit,
1211 2592 1325 2659 obtulit
1347 2611 1382 2659 se
1397 2611 1490 2674 para·

149 2687 220 2749 tum
243 2682 353 2748 decem
375 2679 483 2762 millia,
506 2679 581 2746 lieet
602 2680 635 2746 in
657 2697 715 2746 sus
735 2677 797 2746 fide
819 2680 976 2764 perduret.
1000 2679 1157 2747 Incumbit
1178 2686 1284 2747 tamen
1301 2680 1392 2746 nobis
1407 2681 1490 2765 peri-

148 2767 234 2836 eulis
256 2771 372 2836 nostris
393 2767 552 2836 salubrius
573 2767 737 2835 consulere
758 2771 791 2834 et
812 2768 852 2834 de
874 2771 1051 2849 opportuno
1065 2768 1205 2834 remedio
1221 2769 1396 2850 providere.
1413 2769 1489 2834 Pro

148 2857 250 2924 cossit
270 2853 455 2940 magnificus
482 2854 623 2922 loannes
650 2853 811 2938 praefatus
841 2853 882 2921 ad
911 2852 1062 2921 ulteriora
1084 2853 1242 2937 colloquia
1264 2855 1381 2941 dicens,
1404 2855 1490 2937 quod

150 2943 179 3010 si
201 2943 422 3011 sanctissimus
443 2949 550 3012 noster
570 2961 655 3026 papa
675 2942 816 3008 mitteret
837 2941 898 3008 sibi
920 2941 1032 3024 uiginti
1056 2940 1154 3009 millia
1176 2943 1319 3025 equitum
1342 2947 1374 3008 et
1404 2961 1490 3010 sere

150 3031 305 3099 mannus
332 3049 388 3098 rex
416 3029 598 3115 drogonum
626 3029 736 3096 decem
764 3027 874 3108 millia,
902 3046 973 3094 cum
1002 3029 1065 3095 dux
1095 3029 1298 3112 Burgundios
1320 3028 1433 3096 offerat
1455 3047 1491 3097 se

149 3123 322 3187 uenturum
343 3136 415 3186 mm
436 3119 546 3186 decem
566 3116 706 3185 millibus
728 3117 870 3200 equitum
892 3121 925 3182 et
947 3117 1055 3184 decem
1075 3114 1216 3184 millibus
1229 3117 1381 3202 peditum,
1398 3121 1431 3183 et
1446 3117 1493 3184 sic

150 3206 301 3274 omnibus
322 3207 512 3290 computatis
533 3211 639 3273 essem
659 3211 784 3271 cantum
805 3203 917 3290 millia,
940 3203 1067 3270 confidit
1088 3205 1156 3288 ipse
1171 3204 1311 3272 loannes
1325 3205 1411 3273 intra
1425 3210 1491 3271 tres

150 3309 279 3362 meuses
302 3298 427 3361 butum
448 3291 627 3361 conflictum
649 3297 759 3359 contra
780 3290 916 3360 ancam
941 3291 1069 3378 inferre,
1092 3293 1175 3375 quod
1197 3292 1231 3357 in
1253 3291 1382 3375 Europa
1404 3291 1492 3360 loeus

152 3399 216 3448 non
239 3381 311 3464 erit,
333 3381 388 3449 ubi
409 3380 562 3449 reclinare
591 3379 697 3448 valeat
724 3385 828 3464 capnt,
859 3379 992 3448 maxime
1021 3397 1092 3447 cum
1120 3379 1189 3464 ipse
1218 3380 1259 3447 ad
1280 3397 1419 3463 unguem
1442 3398 1492 3446 co

152 3475 289 3552 gnoscat
308 3469 484 3552 potentiam
499 3468 682 3553 Turcorum,
699 3473 939 3550 aeternumque
953 3466 1137 3548 infidelium,
1154 3485 1191 3534 ac
1205 3466 1388 3534 medullitus
1398 3464 1491 3532 intel.-

150 3555 235 3642 ligat
257 3573 330 3624 cum
352 3556 532 3624 huiusmodi
562 3557 717 3624 rationem
744 3554 892 3623 bellandi.
924 3555 1061 3620 Proinde
1094 3555 1128 3620 in
1152 3557 1329 3635 praesentia
1351 3553 1491 3621 omnium

150 3643 289 3712 istorum
311 3644 506 3712 dominorum
529 3648 563 3711 et
584 3645 738 3712 baronum
758 3643 818 3710 hoc
840 3643 975 3710 asseruit
996 3641 1097 3724 hodie,
1119 3642 1203 3722 quod
1225 3659 1296 3709 eum
1322 3645 1411 3708 tamo
1433 3660 1490 3708 nu·

150 3749 241 3799 mero
272 3737 467 3799 amatorum
497 3737 640 3815 speraret
669 3731 766 3798 etiam
794 3747 984 3812 recuperare
1013 3729 1252 3812 lerosolymam,
1285 3747 1343 3796 nec
1369 3731 1492 3813 peteret

150 3818 314 3903 fflpenffia
342 3837 400 3902 pro
428 3819 598 3903 praedictis
628 3819 798 3904 equddbus,
827 3818 889 3884 nisi
918 3835 975 3902 pro
997 3818 1099 3884 tribus
1124 3817 1293 3884 mensibus.
1318 3816 1492 3900 Expediret

149 3906 311 3990 equidem,
335 3907 419 3988 qnod
440 3907 592 3975 areatas
620 3909 676 3972 tua
705 3903 876 3988 aliqualem
904 3903 1098 3971 cardinalem
1127 3906 1302 3972 destinaret
1324 3905 1363 3971 ad
1385 3909 1493 3988 partes

149 3994 232 4061 istas
254 3998 408 4077 uuquam
423 3993 615 4061 residentem
628 3992 687 4062 tali
702 3992 852 4060 exercitui
867 4009 939 4058 cum
954 3991 1123 4058 sufficienti
1138 3993 1340 4076 pecuniarum
1357 4009 1491 4058 summa.

150 4079 212 4149 Vel
234 4080 264 4147 si
287 4080 545 4150 autumantes
568 4099 636 4148 rem
658 4081 738 4148 hanc
768 4081 964 4147 committere
986 4080 1130 4147 videatur
1152 4079 1414 4147 reverendissimo
1438 4079 1491 4145 do-

147 4169 239 4236 mino
260 4167 417 4237 oardiuali
437 4167 649 4252 strigoniensi,
673 4185 744 4234 cum
764 4168 893 4254 virtute,
915 4166 1112 4250 providentia
1127 4172 1159 4233 et
1175 4166 1303 4235 consilio
1318 4166 1489 4251 plurimum

146 4254 268 4337 edua
292 4255 373 4323 bene
395 4260 432 4323 ut
453 4273 526 4324 reor
547 4254 725 4324 consubum
745 4262 840 4323 esset.
864 4254 988 4322 Obtulit
1009 4255 1137 4339 insuper
1159 4273 1194 4321 se
1215 4256 1284 4339 ipse
1299 4253 1446 4334 loannes,
1463 4254 1490 4319 si

150 4361 262 4412 munes
284 4341 454 4411 bellatores
475 4343 550 4424 sint,
573 4361 635 4411 non
657 4344 747 4425 pueri
769 4344 826 4410 sed
847 4343 908 4410 riri
935 4343 1055 4410 strenui
1077 4349 1110 4409 et
1132 4343 1164 4408 in
1186 4344 1283 4412 armu
1305 4343 1426 4426 experti
1450 4341 1490 4406 ad

149 4431 405 4516 meandum
426 4429 546 4498 cursu
568 4430 675 4498 hostes
697 4430 811 4513 idonei,
835 4448 1039 4514 perannum,
1062 4436 1094 4497 et
1116 4450 1224 4512 annos,
1248 4431 1276 4498 si
1292 4449 1370 4514 opus
1393 4433 1489 4510 esset,

150 4537 225 4586 cum
255 4518 314 4586 tali
344 4517 483 4588 exercitu
513 4535 726 4604 pamenerare,
756 4537 814 4585 neo
843 4517 905 4585 alia
934 4518 1091 4603 stipendia
1119 4519 1300 4602 requirere3
1331 4515 1489 4584 confidens

145 4607 238 4690 duod
259 4608 302 4674 de
322 4606 414 4674 bouis
441 4610 476 4674 et
504 4606 651 4675 dominiis
672 4607 772 4691 ipsius
793 4605 915 4673 Turcae
935 4607 1143 4690 conquireret,
1167 4606 1251 4688 quod
1272 4604 1371 4672 talem
1393 4603 1490 4670 etiam

152 4694 296 4764 desdam
317 4693 442 4766 rlurcare
462 4696 559 4764 etiam
580 4694 746 4781 stipendiis
767 4694 978 4764 abuudantius
1000 4695 1214 4764 communiret
