3406 5262
214 328 238 392 ἐ
1429 260 1470 327 87

523 454 768 526 GOOOLXXXI.
795 455 888 540 1408,
914 456 953 528 12
976 455 1070 529 Jnlll.

26 649 27 652 ,
188 578 257 646 Rex
280 576 498 661 sigismundus
520 579 651 647 Nicolao
673 581 712 648 de
735 580 820 650 Gara
843 581 1001 665 (GorJani)
1024 581 1165 665 palatino
1188 589 1220 650 et
1242 582 1367 666 loanni,
1391 583 1468 650 filiis

129 665 287 748 quondam
309 664 442 750 palatini
474 665 603 750 Nicolai,
631 666 796 736 confirmat
825 687 934 735 omnes
963 671 1179 750 possessiones
1209 671 1249 736 ob
1272 671 1385 737 merita
1407 671 1468 738 sibi

128 753 289 836 praestita,
317 753 349 818 in
380 755 485 838 specie
514 755 546 820 in
580 754 815 838 ,reobtentione
846 755 942 822 castri
964 755 1073 822 Dobor
1098 757 1130 822 in
1154 757 1260 825 Usura
1283 757 1403 842 situati,
1427 759 1466 824 de

129 858 186 922 quo
210 838 332 906 Paulus
355 842 518 925 episeopus
541 840 693 928 (nagrab.)
718 841 879 908 infidelis.
898 891 904 905 .
922 850 1045 910 nostros
1060 844 1235 927 regnicolas
1251 845 1466 911 indesinenter

127 925 342 1007 offendebat‘;
366 947 428 1011 quo
449 929 557 996 audito
581 931 716 998 Dabissa
738 949 793 996 rer
815 930 958 996 Boznae“
984 932 1135 998 accedens
1158 934 1199 999 ad
1214 951 1323 1014 regom
1342 951 1377 999 se
1393 949 1465 998 eum

127 1014 262 1081 subditis
283 1014 432 1096 subiecit,
455 1021 523 1083 tum
545 1017 578 1082 in
599 1018 821 1100 recuperandis
842 1018 949 1100 regnis
972 1016 1150 1086 Dalmatiae
1173 1025 1205 1086 et
1220 1017 1369 1087 Oroatiae
1389 1038 1466 1104 ,per

127 1101 282 1168 violentas
304 1121 414 1169 manus
436 1103 531 1168 Wollr
554 1103 645 1170 bani“
671 1105 838 1188 occupatis.

187 1203 282 1272 mese.-
301 1203 370 1262 coc.
388 1203 455 1276 dipl.
474 1205 511 1273 x,
528 1206 547 1260 4
565 1223 591 1277 p.
611 1207 669 1262 use.

364 1360 623 1432 ucocurxxss.
650 1363 741 1448 1408,
765 1364 1084 1448 supereminere
1108 1363 1223 1435 Bosna.

26 1549 27 1552 ,
131 1485 252 1568 Ostoja‚
276 1504 334 1550 reo
356 1485 486 1573 Roseae,
509 1490 670 1572 capitaneo
697 1488 840 1572 Georqio,
864 1487 968 1554 comiti
992 1487 1182 1574 „Vucicbio“
1208 1507 1372 1570 eorumque
1386 1489 1467 1571 filiis

168 1573 351 1657 reposcere
373 1575 512 1640 diuersos
529 1579 737 1658 possessiones
759 1579 794 1642 in
813 1575 977 1642 Dalmatia
1000 1583 1028 1640 et
1052 1574 1265 1662 Hercaqoor'na
1287 1575 1418 1658 confert.

187 1696 226 1760 In
249 1696 376 1762 nomine
397 1698 594 1766 sanctissime
617 1703 650 1764 et
670 1698 832 1765 individue
855 1697 1021 1765 Trinitatis
1043 1697 1152 1765 Amen.
1175 1697 1242 1764 Nos
1265 1695 1388 1779 Ostoja‚
1404 1697 1466 1764 Dei

127 1783 228 1865 gratia
242 1801 300 1850 rex
314 1783 439 1870 Bosnie,
456 1785 576 1861 Vsorie,
592 1785 754 1852 Inferioris
769 1786 879 1869 partis,
897 1785 1057 1870 Hungarie
1068 1785 1108 1870 (i)
1121 1789 1154 1851 et
1169 1783 1332 1852 Sclavenie
1344 1785 1390 1870 (i)
1406 1790 1465 1851 ete

128 1871 187 1936 Per
208 1871 269 1936 has
290 1877 415 1937 nostras
437 1878 582 1955 putentes
603 1871 714 1940 literas
736 1879 845 1958 pateat
866 1873 1010 1941 omnibus
1033 1873 1074 1940 ad
1097 1890 1174 1954 quos
1202 1873 1348 1956 pertinet,
1382 1873 1466 1953 quod

128 1963 255 2042 propter
277 1955 370 2024 fidem
394 1963 427 2024 et
457 1961 608 2040 optimam
638 1961 822 2027 servitutem
850 1961 950 2039 nobis,
982 1960 1093 2044 Ostoje
1115 1959 1184 2042 regi
1216 1965 1248 2025 et
1270 1955 1335 2024 filio
1358 1963 1466 2025 nostro

129 2041 297 2130 Stephano,
320 2063 376 2130 per
399 2047 597 2130 capitaneum
620 2047 791 2128 Georgium
814 2052 845 2114 et
861 2049 1008 2114 comitem
1023 2045 1220 2132 Vucicbium,
1236 2045 1352 2112 iratres
1372 2045 1466 2112 Radi-

128 2132 267 2212 nuJ'evich
290 2137 324 2198 et
346 2151 454 2199 eorum
477 2133 568 2216 filios,
601 2135 785 2216 praestitam
808 2139 891 2216 tnnc,
916 2133 1041 2216 quando
1066 2153 1086 2200 a
1107 2133 1320 2199 Bcsnensibus
1342 2129 1467 2214 expulsi

128 2217 251 2298 fuimns,
276 2223 309 2284 et
332 2221 478 2286 stetimus
508 2221 540 2285 in
564 2222 700 2303 quodam
722 2220 800 2302 loco,
831 2227 1011 2302 nuncupato
1033 2219 1190 2295 Boboraz,
1215 2237 1347 2302 quorum
1371 2239 1466 2303 opere

128 2311 158 2371 et
178 2305 300 2388 optima
321 2307 474 2374 servitute
496 2326 533 2374 ac
555 2307 616 2374 fide
639 2327 714 2391 erga
738 2328 795 2374 nos
817 2308 970 2390 praestita
992 2308 1106 2374 iterum
1121 2307 1154 2371 in
1174 2324 1308 2390 regnum
1323 2311 1465 2372 nostrum

127 2392 255 2476 repositi
279 2393 404 2476 fuimns,
436 2401 585 2477 tanquam
614 2395 657 2476 hi,
688 2415 767 2478 quos
795 2395 931 2478 ‘regnare
961 2395 1059 2476 docet,
1091 2432 1134 2441 -
1167 2394 1313 2475 quocirca
1334 2399 1466 2476 propter

127 2498 233 2546 eorum
257 2499 336 2562 erga
357 2500 414 2548 uos
435 2482 515 2548 bene
538 2481 652 2548 merita
675 2491 707 2547 et
729 2481 822 2548 fidem
839 2481 1059 2560 indubitatam,
1084 2481 1149 2546 Nos
1172 2479 1285 2566 Ostoje
1306 2498 1362 2545 ren
1384 2481 1467 2547 iure-

126 2566 258 2634 iurando
292 2569 327 2634 in
360 2569 497 2635 animam
532 2575 670 2636 nostram
703 2569 825 2656 regiam
858 2568 979 2652 filiique
1013 2569 1115 2634 nostri
1148 2567 1300 2650 Stephani
1333 2567 1467 2650 predicti

127 2653 271 2721 dedimus
293 2657 395 2724 eidem
414 2656 577 2738 capitaneo
593 2656 739 2740 Georgio,
756 2655 863 2722 comiti
879 2656 1039 2735 Vucicbio,
1056 2674 1163 2722 eorum
1178 2653 1253 2721 filiis
1268 2654 1467 2737 posterisque

128 2761 244 2822 eorum,
270 2749 305 2808 ut
327 2743 481 2826 quidquid
503 2743 618 2824 aliquis
649 2762 757 2810 eorum
778 2742 830 2809 vel
853 2743 993 2828 ipsorum
1016 2749 1230 2811 antecessores
1254 2743 1465 2826 peccaverint,

128 2835 181 2896 aut
203 2829 324 2912 aliquid
347 2831 536 2897 contrarium
569 2831 691 2914 egerint
722 2830 811 2897 nobis
835 2837 890 2898 aut
919 2831 1113 2897 nostratibus
1135 2834 1191 2896 aut
1214 2829 1466 2897 antecessoribus

127 2917 242 2983 nostris
264 2935 364 2998 usque
394 2919 435 2984 ad
456 2935 596 3001 presens,
619 2920 724 2983 omnia
740 2918 1012 3000 (eon)donavimus
1029 2919 1085 3000 eis,
1109 2923 1142 2983 et
1157 2917 1239 2999 quod
1257 2935 1418 2995 uunquam
1433 2917 1465 2980 in

128 3003 291 3085 perfidiam
313 3003 377 3071 illis
392 3005 492 3088 possit
507 3004 650 3084 adscribi,
666 3023 725 3072 nec
738 3009 868 3088 propter
883 3005 942 3072 hoe
956 3006 1017 3090 ipsi
1032 3005 1154 3087 possint
1168 3003 1297 3085 aliquod
1315 3004 1464 3069 damnum

126 3089 202 3176 pati,
225 3089 331 3173 aliqua
352 3093 428 3158 data
450 3110 545 3175 opera
568 3090 620 3158 vel
643 3111 681 3158 ex
703 3093 873 3174 proposito,
897 3111 999 3174 neque
1021 3091 1102 3159 clam
1126 3110 1227 3173 neque
1248 3090 1354 3174 palam
1375 3090 1465 3157 nobis

125 3177 312 3258 viventibus,
336 3197 437 3260 neque
459 3179 500 3262 in,
513 3184 681 3262 posterum,
704 3197 806 3261 neque
827 3178 886 3264 illi,
909 3197 1012 3262 neque
1035 3198 1141 3246 eorum
1156 3179 1274 3260 posteri
1296 3177 1329 3241 in
1349 3176 1465 3261 sempi-

126 3267 259 3330 ternum.

189 3349 321 3434 Insuper
344 3357 472 3436 propter
494 3353 576 3420 hanc
597 3352 784 3421 fidelitatem
807 3353 897 3420 nobis
920 3353 1029 3437 Ostoje
1050 3351 1118 3434 regi
1141 3355 1174 3418 et
1188 3349 1253 3416 filio
1269 3355 1376 3416 nostro
1392 3349 1462 3416 Ste-

127 3438 230 3520 phano
251 3458 310 3523 per
332 3439 449 3506 dictum
473 3441 671 3522 capitaneum
695 3441 866 3524 Georgium
890 3446 921 3506 et
943 3441 1088 3508 comitem
1105 3438 1292 3504 Vucicbium
1306 3443 1339 3504 et
1354 3455 1464 3504 eorum

26 3551 27 3566 2
129 3524 207 3591 filios
230 3527 406 3608 prestitam,
430 3528 571 3612 predicto
595 3529 760 3610 capitaneo
784 3528 928 3611 Georgio,
951 3527 1058 3594 comiti
1081 3525 1241 3607 Vucicbio,
1266 3543 1374 3592 eorum
1389 3523 1463 3591 tiliis

128 3613 304 3766 eetglrisqne
335 3615 472 3697 posteris
502 3615 646 3682 dedimus
676 3620 708 3682 et
737 3615 961 3700 adscripsimus
994 3616 1027 3681 in
1058 3611 1281 3696 patrimonium
1303 3611 1335 3678 in
1357 3610 1465 3680 secula

126 3717 160 3765 se
211 3719 319 3766 orum:

26 3829 27 3856 1
188 3785 371 3855 ΑΙηιίεείυω
403 3787 562 3854 civitatem
593 3807 655 3857 nna
685 3807 756 3856 cum
785 3790 947 3873 Primorje,
981 3789 1020 3856 ab
1050 3793 1184 3870 utroque
1205 3785 1306 3852 latere
1329 3784 1462 3870 Gottinq

127 3873 270 3942 videlicet
292 3874 449 3962 Primorje
470 3895 570 3957 usque
600 3878 641 3944 ad
673 3877 887 3957 Zarnovizam,
911 3895 981 3942 cnm
1004 3876 1148 3942 omnibus
1170 3873 1292 3939 iuribus
1315 3877 1348 3940 et
1370 3873 1463 3938 terri·

126 3961 222 4043 tortis,
246 3981 308 4045 que
331 3963 489 4047 pertinent
518 3962 676 4046 Almissio,
708 3969 741 4030 et
762 3965 846 4046 quod
868 3964 1047 4048 pertinebat
1069 3963 1109 4030 ad
1136 3960 1321 4028 Almissium
1343 3963 1464 4043 tempo-

126 4049 213 4116 ribus
233 4068 345 4134 regum
367 4049 518 4117 Ludoviei
541 4058 574 4116 et
597 4050 798 4134 sigismundi.

189 4137 385 4205 Provinciam
408 4136 603 4222 Cisalpinam
626 4144 658 4204 et
681 4137 929 4222 Transalpinam,
945 4138 1061 4207 dictam
1078 4139 1229 4205 Gorseam
1244 4135 1375 4218 Zupam,
1391 4151 1472 4222 cum,

126 4223 267 4289 omnibus
289 4225 412 4291 iuribus
436 4230 470 4290 et
491 4225 667 4292 territoriis.
1503 4257 1506 4262 ·

190 4308 358 4378 Civitatem
381 4310 555 4380 Crassevaz
577 4323 609 4379 et
631 4311 724 4379 Blato
747 4331 817 4380 cnm
841 4314 984 4380 omnibus
1005 4313 1127 4379 iuribus
1149 4315 1181 4376 et
1203 4309 1381 4376 territoriis.

189 4397 332 4465 Brochno
355 4399 547 4480 provinciam
568 4419 639 4467 cum
662 4401 807 4467 omnibus
829 4401 952 4467 iuribus
976 4406 1009 4466 et
1031 4399 1208 4466 territoriis.

188 4485 306 4552 Lucum
328 4487 520 4570 provinciam
543 4488 583 4553 ab
613 4493 746 4570 utroque
768 4487 868 4556 latere
899 4489 1046 4570 Naroma,
1071 4487 1209 4568 exceptis
1232 4485 1354 4552 iuribus
1377 4486 1458 4568 capi·

127 4573 209 4639 tanei
231 4572 380 4657 Sandagli
403 4578 436 4640 et
459 4573 599 4642 eiusdem
622 4574 820 4642 famulorum.

188 4660 232 4728 Et
251 4659 383 4744 gabelus
405 4663 517 4730 subtus
540 4661 730 4730 Visoohium.
