3428 5256
1416 219 1480 290 ute

140 426 226 493 rium
247 425 422 515 elegerunt,
445 427 767 515 determinatumque,
791 429 884 512 quod,
906 428 961 512 qui
982 427 1056 496 huic
1077 425 1184 496 unioni
1204 446 1266 496 non
1281 429 1500 518 assentirent„

138 513 531 600 afamilr'aprccidentur
545 517 638 602 (sic);
668 516 745 586 item
775 516 859 599 quod
892 515 1055 600 dispositio
1078 522 1213 600 quatuor
1234 513 1374 584 locorum
1396 517 1482 586 uide-

139 600 220 669 licet
242 607 416 671 conventus
437 602 548 688 Segni
570 607 631 672 etc.
647 603 679 670 in
695 604 900 686 dispositione
915 602 1024 671 vicarii
1039 603 1196 687 generalia
1210 608 1374 688 ponentur.
1392 605 1482 674 Idem

137 689 279 757 viarius
311 691 447 776 deniqne
480 693 520 760 ad
551 695 690 758 vestram
722 692 913 776 provinciam
946 709 981 758 ee
1013 689 1193 758 conferrens
1224 709 1332 760 omnes
1365 691 1481 760 batres

137 777 307 860 utriusque
328 776 448 846 familie
468 777 502 846 in
524 775 593 848 loco
607 779 763 862 Paemani,
780 779 921 848 custodie
939 796 963 846 e.
984 775 1178 865 Hyeronimi,
1193 797 1250 862 per
1264 779 1480 849 obedientiam

139 864 343 946 conuocauit3
365 885 422 934 oce
443 883 518 934 uero
539 865 662 951 prefato
683 866 801 934 vicario
823 871 855 934 et
876 865 956 932 mibi
978 863 1138 936 vobiscum
1182 865 1395 936 resentiaiiter
1410 886 1480 936 oon·

139 951 265 1020 stitutis
286 971 345 1022 uec
373 971 436 1022 non
466 957 500 1022 et
529 951 695 1022 consilium
725 953 874 1038 raguaine
896 951 1033 1022 civitatis
1054 970 1137 1020 nono
1186 953 1383 1024 curationes
1405 953 1481 1022 alte-

137 1044 257 1124 gentes
278 1041 360 1108 bunc
390 1040 536 1110 unionem
568 1040 698 1109 differre
728 1046 761 1108 et
790 1041 831 1110 ad
862 1040 978 1109 dictum
1000 1038 1173 1124 capitulum
1200 1059 1261 1108 non
1283 1041 1482 1127 adstringere

137 1124 337 1212 postulastis.
360 1127 429 1212 Ego
450 1147 526 1196 vero
548 1128 694 1213 precibus
717 1126 946 1212 postulantium
975 1125 1253 1211 annumeremus,
1277 1130 1403 1214 quoad
1426 1148 1482 1198 uos

137 1215 262 1282 dictam
284 1215 431 1283 unionem
454 1215 603 1300 suspendi
625 1221 657 1282 et
671 1215 712 1283 ed
727 1216 845 1284 dictum
860 1213 1034 1299 capitulum
1056 1233 1131 1282 uere
1146 1234 1208 1283 non
1223 1216 1365 1284 adstrixi.
1388 1216 1480 1286 Nunc

137 1321 225 1386 uere,
249 1307 287 1370 ut
308 1301 431 1382 fruens
456 1303 540 1386 quod
562 1304 603 1372 ad
623 1321 730 1372 meum
750 1305 889 1388 pertinet
910 1301 1057 1403 effidem,
1079 1321 1135 1370 uos
1149 1303 1305 1385 paternali
1320 1303 1434 1373 affectu
1449 1310 1482 1372 et

138 1408 250 1458 amore
272 1407 384 1473 precor
406 1395 439 1457 et
461 1390 611 1458 exhortor
632 1397 664 1458 et
685 1391 800 1459 mando
822 1410 878 1476 per
900 1389 1110 1460 obedientiam
1126 1389 1309 1476 salutarem,
1325 1397 1481 1476 quatenus

138 1477 222 1546 bunc
244 1478 393 1546 unionem
422 1497 494 1546 cum
514 1477 616 1546 multu
644 1497 722 1564 pecc
753 1483 787 1546 et
818 1478 950 1548 ceroto
980 1477 1142 1560 utriusque
1164 1477 1283 1547 familie
1305 1479 1481 1548 executioni

137 1565 324 1633 mandatam
355 1566 389 1632 in
416 1567 557 1651 presenti
590 1565 727 1652 capitulo
758 1565 906 1651 amplecti
935 1569 969 1632 et
997 1571 1161 1650 acceptare
1190 1564 1313 1649 velitum
1343 1567 1482 1653 quodsi

137 1652 292 1739 feceritis,
315 1658 466 1738 tanquam
488 1671 579 1722 veroa
601 1659 634 1721 et
649 1654 747 1722 bonos
765 1652 847 1721 filios
861 1657 970 1722 nostre
985 1650 1105 1720 familie
1120 1657 1248 1738 eccepto
1263 1659 1296 1722 et
1310 1653 1482 1740 amplector

138 1746 176 1808 ut
196 1739 287 1808 oiim.
311 1739 368 1808 Sin
390 1747 507 1829 autem,
537 1741 620 1824 quod
651 1740 743 1824 absit,
772 1741 948 1826 predictam
978 1745 1120 1808 sanctam
1142 1739 1289 1808 unionem
1315 1746 1481 1826 acceptare

139 1827 310 1896 nolueritis
332 1831 366 1896 et
387 1829 420 1894 in
442 1835 549 1896 vestra
578 1827 752 1912 pertinacis
773 1829 943 1912 persistere
957 1825 1130 1910 uolueritis,
1153 1832 1230 1896 tuuc
1250 1829 1370 1898 iustum
1391 1829 1480 1900 uobis

136 1915 312 1984 torminum
333 1915 469 2000 assigno
501 1935 599 2004 unum
627 1934 768 1984 memem
789 1934 847 1999 pro
868 1916 970 1999 primo
993 1915 1138 1998 termino,
1161 1918 1332 1985 secundum
1353 1936 1412 2004 pro
1433 1935 1480 1986 se

140 2003 252 2081 cundo,
276 2007 310 2069 ot
330 2003 460 2071 tertium
482 2023 540 2086 pro
562 2003 658 2071 tertio
680 2007 714 2070 ot
735 2004 962 2086 peremptorio;
993 2020 1056 2086 quo
1077 2001 1186 2086 elapso
1209 2022 1352 2071 exnunc
1374 2011 1480 2073 aucto

137 2091 237 2156 ritate
259 2091 376 2158 summi
397 2089 553 2174 pontificis
574 2109 631 2159 roe
653 2090 936 2158 excommunicatos
957 2108 1027 2158 ease
1049 2087 1175 2158 declaro
1197 2109 1255 2174 par
1269 2096 1432 2176 presentes
1447 2097 1481 2160 et

138 2177 332 2246 auctoritate
354 2177 474 2245 familie
496 2178 574 2245 mihi
595 2179 656 2246 bae
677 2179 710 2244 in
731 2183 822 2263 parte
844 2178 1018 2256 commisse,
1042 2197 1062 2246 a
1084 2182 1192 2245 nostra
1210 2177 1332 2246 semilis
1353 2177 1480 2248 declam

139 2283 211 2332 esse
234 2265 392 2349 precisos;
423 2263 545 2333 nullum
575 2271 770 2346 conventum,
801 2265 924 2332 nullum
954 2263 1154 2348 emeterium,
1184 2265 1307 2333 nulium
1328 2265 1480 2350 favorem,

139 2351 327 2435 nullamque
350 2353 578 2437 protectionem
600 2353 634 2419 in
656 2357 764 2420 nostra
786 2351 907 2422 familia
930 2351 1062 2420 ulterms
1083 2351 1202 2420 babere
1223 2359 1398 2438 sperantes.

127 2467 131 2475 ·
205 2440 257 2507 De
280 2445 417 2523 quatuor
438 2459 513 2508 uero
536 2440 687 2525 predictis
708 2439 795 2522 locis,
812 2459 874 2523 que
888 2459 945 2525 per
959 2457 1117 2507 summum
1132 2440 1310 2523 pontificem
1324 2441 1358 2508 iu
1376 2441 1480 2527 dispo

140 2528 259 2596 sitione
280 2526 440 2612 generalia
470 2525 601 2611 capituli
629 2527 733 2612 posita
763 2533 846 2608 eunt,
876 2533 909 2596 et
930 2545 989 2611 per
1009 2526 1182 2612 capitulum
1203 2529 1350 2612 generale
1371 2529 1405 2596 in
1427 2549 1480 2616 po

140 2620 260 2683 testate
280 2633 352 2683 mee
373 2615 512 2697 redacta,
542 2616 627 2699 quod
655 2614 732 2682 urbi
762 2615 865 2682 risum
891 2613 988 2683 fuerit
1009 2614 1128 2683 iustum
1150 2621 1183 2683 et
1203 2616 1371 2686 tenedum
1392 2617 1481 2686 uobis

138 2701 296 2787 prefatam
318 2702 466 2770 unionem
487 2721 551 2769 non
575 2701 812 2787 acceptantibus
833 2721 891 2770 suo
912 2707 1055 2786 tempore
1076 2701 1200 2772 faciam

203 2789 325 2858 Datum
346 2789 506 2858 Paemanii
528 2795 565 2856 ut
586 2809 684 2873 supra
705 2789 757 2858 die
779 2814 835 2857 vm
855 2789 1050 2876 Septembris
1076 2795 1169 2858 1464.

203 2877 340 2963 Insuper
362 2877 531 2945 terminum
553 2895 734 2961 supremum
755 2879 901 2961 superius
922 2877 1012 2946 uobis
1037 2878 1215 2964 appositum
1236 2877 1363 2948 dedam
1385 2898 1405 2948 a
1427 2878 1480 2948 die

137 2963 255 3033 barum
276 2963 465 3048 receptionis
486 2965 603 3032 debere
625 2963 776 3032 inchoari.
1396 3019 1398 3026 ,

182 3051 223 3134 (Α
246 3053 368 3139 tergop:
391 3051 632 3122 Venerabdibus
661 3053 694 3118 in
718 3051 847 3119 Christo
868 3051 1012 3136 petribus
1038 3057 1071 3120 et
1092 3051 1244 3122 fratribus
1265 3051 1481 3121 dilectissimis

137 3141 206 3208 ord.
228 3141 343 3207 minor.
364 3139 399 3206 in
420 3146 577 3208 conventu
598 3157 622 3206 s.
647 3139 809 3208 Frencbci
831 3139 871 3206 de
892 3140 1031 3223 ngosio
1054 3144 1088 3206 et
1108 3139 1143 3207 in
1164 3140 1279 3210 ceteris
1300 3138 1380 3208 focis
1395 3140 1480 3209 duce

130 3227 316 3312 'Ragusium
330 3231 363 3294 et
377 3227 520 3296 custodia
534 3225 645 3311 Stagni
659 3231 725 3294 turn
740 3227 923 3310 mordiciis
939 3245 1035 3310 quam
1050 3227 1184 3296 subditis
1200 3227 1478 3298 commorantibus.

201 3347 335 3404 Tabuisr.
353 3349 471 3406 raficam
489 3349 550 3406 cod.
568 3365 632 3406 mss.
652 3364 750 3406 armar.
771 3349 810 3417 H,
830 3366 871 3404 nr.
889 3349 924 3404 23
941 3347 988 3404 fob
1007 3347 1051 3404 64.

250 3522 366 3592 111101.
393 3523 485 3606 1404,
510 3525 551 3596 22
574 3525 608 3594 ct
631 3523 672 3595 28
695 3521 896 3612 septenbris
922 3522 1002 3594 item
1026 3521 1046 3592 8
1068 3521 1222 3606 dotebris,
1247 3519 1368 3593 Budas.

202 3645 320 3714 Orator
341 3650 473 3714 venetus
494 3645 654 3714 Gerendus
677 3647 717 3714 de
740 3643 840 3712 Collis
862 3644 970 3734 refert,
991 3645 1080 3714 iuxta
1094 3643 1218 3714 littorea
1233 3644 1266 3712 in
1280 3645 1371 3730 Jajce
1385 3644 1479 3716 datas

138 3733 277 3802 Tuscum
300 3752 370 3802 oum
393 3752 509 3817 msgno
530 3734 580 3802 aui
602 3733 717 3802 damno
732 3732 910 3802 recessisse.

199 3821 292 3888 Idem
314 3819 432 3888 litteris
455 3826 495 3888 28
519 3819 714 3905 Septembris
735 3820 844 3904 refert,
867 3837 975 3904 regem
998 3819 1152 3888 Matidiam
1166 3837 1238 3888 cum
1256 3823 1372 3888 17000
1391 3819 1481 3904 equi·

138 3913 216 3992 tum,
240 3907 327 3974 6666
349 3907 490 3992 peditum
522 3913 555 3975 et
586 3913 668 3974 7000
699 3907 988 3990 omcesignatorum
1017 3907 1181 3976 transiisse
1203 3907 1330 3994 Savum,
1354 3907 1479 3992 expedi-

138 3995 222 4062 aiaso
244 3995 352 4061 20000
374 3994 511 4062 militum
526 3995 559 4061 iu
581 3994 719 4062 Bosnam
748 3999 858 4062 contra
881 3995 1010 4078 Turcos,
1033 3995 1135 4080 ipsum
1157 4013 1234 4064 uero
1257 4013 1328 4064 cum
1350 3995 1479 4064 residuo

139 4083 278 4150 exercitu
299 4081 475 4168 proiectum
498 4101 567 4150 esse
590 4083 631 4150 ad
653 4081 851 4150 Smederevo.

203 4169 336 4237 Litteris
367 4174 387 4236 8
410 4169 559 4238 Octobris
589 4169 725 4256 nunciat,
757 4171 821 4237 tria
842 4173 948 4238 cestra
969 4169 1003 4236 in
1025 4169 1132 4238 Bosna
1153 4169 1222 4255 regi
1244 4175 1345 4238 semet
1366 4173 1479 4254 sponte

9 4325 10 4336 ,
140 4256 281 4341 dedisae3
313 4255 357 4324 im
397 4264 537 4326 satorem
566 4256 739 4326 Turdorum
769 4276 840 4326 cum
869 4275 927 4326 auo
957 4258 1096 4326 exercitu
1125 4261 1212 4328 stare
1234 4257 1374 4328 medium
1397 4257 1480 4324 inter

139 4343 276 4414 &snam
299 4349 333 4412 et
379 4345 507 4414 erciam.

202 4465 349 4524 Habuitne
367 4469 435 4523 Hcs.
453 4485 615 4533 cucusum
629 4468 744 4535 jyusem
762 4464 890 4520 Oncaeua
906 4465 945 4534 Π,
964 4467 1022 4522 161.
