3406 5262
217 259 279 322 152

215 467 341 532 nostroe
363 462 517 546 speciales
539 464 629 532 nobis
659 463 784 546 allatas,
808 484 942 548 quarum
965 482 1060 531 unam
1086 463 1165 546 heri,
1188 464 1267 532 hora
1289 481 1376 544 cene,
1401 469 1434 531 et
1456 462 1565 544 aliam,

215 550 365 619 videlicet
387 571 407 618 a
428 550 551 636 prelato
580 549 688 618 Blasio
717 551 903 635 presbitero,
936 552 1031 618 hodie
1058 555 1200 634 tempore
1229 551 1355 634 prandii
1381 550 1565 636 accepimns

215 643 408 716 reverenter,
433 638 547 721 quibus
568 638 691 722 revisis,
715 639 983 722 continenciisque
1006 657 1115 706 earum
1130 657 1206 705 sane
1223 636 1404 711 intellectis,
1422 639 1462 704 da
1476 637 1566 704 omni

215 729 322 792 vestro
353 725 460 792 labore
491 723 613 791 salubri
644 730 838 808 persancte
869 725 1097 808 predicacionis
1122 731 1227 792 vestre
1249 722 1481 808 effulgenciam,
1505 743 1566 808 pro

215 809 412 879 exaltacione
444 810 577 879 ecclesie
607 813 659 879 dei
690 811 928 895 stabilitateque
957 816 990 879 et
1020 813 1135 879 robore
1157 811 1329 878 orthodoxe
1352 811 1426 879 fidei
1449 811 1566 878 eximie

214 897 377 982 ampliato,
400 899 461 965 deo
484 897 689 981 omnipotenti
712 905 744 966 et
766 899 893 966 demum
915 904 1020 966 vestre
1042 899 1149 982 gracie
1172 898 1325 966 maximas
1340 904 1373 966 et
1389 897 1564 965 immensas

214 985 335 1052 reicrro
366 984 546 1068 graciarum
572 985 725 1064 acciones,
757 1004 871 1068 meque
901 988 942 1054 ad
971 987 1076 1054 omnia
1106 989 1211 1052 vostre
1242 985 1445 1069 paternitatis
1466 985 1565 1052 bene·

214 1070 332 1155 placita
354 1069 469 1138 offerro
491 1090 617 1156 semper
638 1071 885 1156 paratissimum,
901 1073 1053 1154 vobisque
1068 1090 1193 1138 omnem
1207 1090 1311 1138 meam
1325 1072 1565 1156 auctoritatem,

214 1165 281 1224 tam
311 1157 345 1224 in
367 1158 435 1225 loro
466 1158 680 1240 consessionis,
711 1177 804 1241 quam
834 1159 867 1225 in
897 1158 1106 1241 inquisitione
1131 1159 1270 1224 heretice
1292 1158 1459 1241 pravitatis
1490 1177 1565 1224 exe-

215 1243 342 1326 quenda
363 1245 404 1311 do
427 1249 460 1311 et
482 1246 629 1326 concedo,
651 1265 725 1328 ymo
748 1245 820 1312 dedi
844 1251 876 1312 et
898 1245 1037 1313 concessi
1053 1245 1161 1327 vigore
1175 1245 1373 1329 presencium
1388 1245 1563 1328 mediante,

214 1348 324 1398 omnes
355 1335 389 1398 et
410 1329 552 1413 singulos
581 1331 752 1416 promiscui
782 1351 874 1398 sexus
901 1333 1042 1399 homines
1069 1332 1154 1398 dicta
1182 1331 1372 1398 auctoritate
1401 1331 1565 1398 mediante

214 1415 379 1484 absolvere
401 1417 501 1500 possit
522 1424 555 1485 et
577 1417 697 1500 valeat,
722 1437 793 1486 mea
815 1420 925 1501 utique
949 1423 1053 1486 vestre
1074 1416 1277 1502 paternitatis
1292 1420 1465 1484 adventum
1480 1417 1565 1484 cele·

213 1503 330 1570 riorem
352 1503 386 1570 in
409 1505 469 1571 hoc
492 1505 690 1572 necessitatis
713 1513 787 1572 actu
809 1525 829 1573 a
851 1505 995 1589 predicto
1016 1504 1125 1571 Blasio
1148 1503 1311 1589 capellano
1334 1510 1454 1590 nostro,
1478 1504 1565 1571 eiua·

213 1590 287 1657 dem
309 1595 414 1658 vestre
444 1591 648 1674 paternitatis
679 1591 857 1658 litteramm
880 1591 974 1660 latori
1007 1591 1177 1674 insinuato,
1200 1609 1316 1673 magna
1337 1591 1565 1660 desiderabant

213 1677 369 1760 suspiria;
402 1680 458 1744 sed
488 1679 520 1745 in
551 1679 644 1746 dictis
669 1677 788 1745 litteris
816 1683 921 1746 vestre
949 1677 1153 1762 paternitatis
1183 1677 1268 1746 inter
1288 1675 1353 1746 alia
1380 1676 1466 1745 clare
1489 1697 1565 1744 eon-

213 1765 313 1847 spexi,
337 1763 421 1846 qnod
450 1764 478 1831 ai
509 1769 575 1832 tam
603 1767 637 1832 in
668 1765 757 1832 brevi
787 1766 828 1832 ab
857 1765 945 1832 illinc
967 1766 1137 1842 recederet,
1160 1764 1267 1832 fauor
1288 1764 1397 1848 populi
1420 1770 1565 1848 tepescet

215 1857 247 1916 et
269 1849 360 1916 labor
382 1856 488 1917 vester
508 1851 646 1920 salubris
668 1857 717 1918 tot
739 1851 850 1919 diebus
872 1852 1074 1919 continuatus
1088 1851 1214 1919 innanis
1228 1851 1416 1918 redderetur
1429 1869 1562 1920 vmuua.

214 1936 364 2004 Attamen
389 1939 520 2005 eandem
551 1940 774 2022 paternitatem
804 1942 942 2006 vestram
972 1937 1263 2006 affeccmnatissime
1286 1935 1404 2020 flagito,
1426 1938 1564 2004 instanti

178 2049 183 2058 ·
214 2041 308 2175 freae
339 2029 371 2090 et
402 2025 544 2110 cordiali,
576 2031 742 2110 quatenns,
774 2026 835 2092 deo
863 2025 1046 2108 auxiliante,
1076 2024 1232 2109 completo
1262 2025 1295 2092 in
1328 2023 1393 2091 illis
1415 2025 1564 2109 partibus
1684 2075 1687 2100 ,

227 2111 336 2192 abore,
358 2129 417 2195 pro
440 2111 603 2179 salutifero
625 2113 730 2180 divine
752 2112 992 2196 propiciacionis
1015 2112 1133 2177 intuitu
1155 2118 1188 2179 et
1202 2112 1243 2178 ob
1259 2109 1332 2178 fidei
1348 2117 1458 2178 sancte
1473 2111 1563 2178 forti-

215 2197 359 2264 tudinem
380 2198 442 2265 itar
464 2204 602 2266 vestrum
626 2217 725 2282 usque
747 2199 810 2265 huc
824 2197 1014 2266 reflectendo
1029 2217 1087 2283 pro
1103 2198 1298 2266 extinccione
1313 2199 1454 2282 predicto
1474 2203 1563 2266 secte

213 2283 366 2366 pestifere
387 2285 446 2352 has
477 2290 583 2367 partes
613 2285 736 2368 ingredi
766 2287 946 2368 dignemini,
978 2290 1011 2352 et
1039 2285 1146 2353 velitis
1176 2286 1261 2353 diem
1284 2290 1318 2352 et
1340 2291 1467 2368 tempus
1489 2305 1564 2370 pro-

213 2387 342 2453 gressus
365 2371 473 2454 vestri,
496 2371 572 2438 dum
591 2371 713 2440 scilicet
734 2373 776 2440 ad
798 2375 857 2440 has
879 2377 987 2455 partes
1009 2373 1133 2453 ingredi
1156 2372 1342 2456 malueritis,
1368 2373 1481 2455 (quod)
1505 2391 1564 2456 per

214 2463 415 2525 omnrrentas
438 2457 568 2526 nuncios
589 2459 668 2525 mibi
689 2458 865 2539 intimatur,
888 2465 1045 2542 utusque
1068 2459 1108 2524 ad
1131 2459 1281 2543 oppidum
1303 2457 1435 2526 ecclesie
1452 2465 1563 2525 nostre

214 2543 342 2610 Tasnad
372 2545 405 2609 in
436 2545 562 2613 obviam
591 2547 791 2629 paternitatis
822 2551 926 2612 vestre
959 2545 1153 2612 recenciores
1186 2546 1329 2612 homines
1362 2551 1396 2611 et
1428 2545 1564 2612 nuncios

213 2631 432 2698 transmittere
453 2631 558 2698 votive
588 2633 712 2700 valeam
743 2638 775 2698 et
806 2633 934 2716 possim.
965 2632 1084 2698 Datum
1111 2631 1144 2697 in
1167 2631 1275 2698 Torda
1296 2630 1379 2698 feria
1400 2632 1505 2700 tercia
1527 2633 1561 2697 in

211 2715 294 2783 festo
316 2716 536 2802 Apparicioois
558 2719 643 2786 beati
667 2717 833 2787 Michaelis
866 2717 1066 2801 Archangeli,
1093 2735 1176 2786 anno
1209 2718 1328 2786 domini
1356 2741 1562 2785 noeoomvr.

278 2802 366 2870 Sciat
388 2806 568 2872 veneranda
596 2805 781 2889 paternitas,
806 2807 890 2888 quod
912 2823 996 2872 nunc
1019 2805 1137 2872 vocatis
1160 2803 1202 2871 ad
1225 2823 1281 2871 nos
1304 2805 1441 2888 egreglis
1466 2805 1563 2872 Petro

212 2887 381 2972 ngandi,
403 2891 521 2959 vicario
544 2896 577 2958 et
599 2893 747 2960 canonico
762 2891 894 2960 ecclesie
909 2891 1069 2958 varadien.
1086 2895 1119 2957 et
1135 2891 1355 2960 archidiacono
1370 2892 1404 2956 in
1424 2890 1563 2959 ecclesia

211 2980 329 3063 nostra,
353 2995 411 3043 noc
433 2997 496 3044 non
518 2977 674 3046 Michaele
695 2978 830 3064 plebano
853 2977 892 3045 de
916 2975 1171 3060 Stolthenbergb,
1196 2979 1395 3045 decretorum
1417 2977 1562 3045 doctori·

210 3063 278 3144 bus,
301 3081 339 3132 ac
361 3061 434 3130 aliis
456 3063 624 3132 bacalariis
647 3071 680 3131 et
698 3066 900 3148 jurisperitis,
924 3083 996 3131 cum
1018 3065 1132 3147 quibus
1154 3065 1188 3130 in
1211 3065 1353 3146 presenti
1374 3064 1446 3131 loco
1462 3081 1558 3131 occu·

211 3167 325 3233 pamur
342 3201 348 3215 .
368 3200 401 3217 ..
425 3169 484 3234 pro
507 3151 715 3234 inquisicione
737 3157 770 3218 et
799 3151 1121 3220 excommunicatione
1144 3151 1354 3219 hereticorum
1376 3155 1562 3233 prenotato

210 3253 291 3302 rum.
316 3236 474 3321 Georgius
495 3237 661 3324 episcopus
683 3238 922 3306 transsilvanus.

279 3321 443 3408 (Sigillum
465 3342 557 3392 cerae
579 3326 695 3392 rubrae
717 3323 927 3410 impressum).

280 3408 452 3478 Carissimo
474 3416 507 3479 et
528 3411 561 3478 in
585 3410 712 3478 Christo
727 3411 855 3480 amabili
870 3411 954 3496 patri
969 3409 1062 3476 iratri
1077 3409 1197 3478 Jacobo
1212 3410 1252 3478 de
1268 3409 1419 3484 Marchia.
1441 3411 1562 3478 vicarm

213 3497 370 3563 Bonnensi
400 3503 434 3563 et
463 3498 654 3580 predicatori
684 3498 824 3582 generali
855 3520 874 3567 a
903 3497 979 3565 sede
1002 3496 1121 3564 Christi
1144 3501 1177 3564 et
1203 3515 1294 3565 sacro
1317 3495 1452 3566 concilio
1476 3498 1561 3566 basi-

210 3582 305 3650 liensi
327 3584 424 3650 misso
445 3590 479 3651 et
500 3584 661 3668 deputato.

276 3667 321 3724 Ex
339 3668 463 3740 original.
481 3671 510 3724 in
527 3669 645 3726 tabular.
663 3674 818 3726 conventus
836 3670 868 3725 fr.
890 3669 987 3725 minor.
1007 3668 1082 3724 della
1100 3667 1182 3725 Nova
1199 3667 1339 3740 Neapolit

517 3807 773 3878 DOGXXXVIII.
800 3809 892 3890 1436,
919 3808 956 3878 lt
979 3807 1067 3892 llall,
1090 3807 1248 3880 venedis.

275 3929 463 3998 Franciscus
485 3931 624 4014 Foscari,
648 3934 710 3998 dux
731 3931 947 4012 Venetiarum,
963 3949 1080 4013 magno
1094 3931 1247 4015 vojvodae
1263 3929 1432 4015 Stephano,
1448 3935 1559 4016 nepoti

24 4093 26 4104 ¹
158 4077 160 4081 Α
210 4017 351 4096 Sandah,
375 4017 417 4084 ad
438 4018 539 4101 ipsius
561 4035 672 4101 preces
694 4037 752 4102 per
775 4019 903 4085 nuncios
925 4017 1117 4085 Pribislaum
1140 4017 1344 4104 Po(h)nalich
1366 4017 1503 4085 militem
1527 4025 1561 4086 et

209 4103 385 4170 Grubicum
407 4104 448 4172 de
472 4105 679 4173 Pruchieuich
701 4104 843 4188 assignat
864 4106 993 4172 domum
1015 4105 1049 4172 in
1071 4103 1197 4189 Gataro,
1221 4123 1318 4186 quam
1332 4105 1417 4172 idem
1440 4103 1560 4174 Sandal

210 4190 357 4270 habebat,
383 4196 611 4273 praetereaque
640 4210 743 4260 annue
773 4197 837 4259 600
866 4191 999 4259 ducatos
1021 4209 1119 4275 penes
1145 4210 1304 4260 mmeram
1327 4191 1558 4261 catharensem.

275 4275 390 4345 Idaliis:
408 4275 513 4332 Listine
530 4275 584 4346 IX,
602 4277 645 4334 88.

528 4413 752 4483 cccxxxix.
779 4413 871 4502 1436,
898 4415 936 4485 rc
960 4414 1064 4502 Junil,
1086 4413 1235 4502 Ragnsll

275 4535 449 4603 Gommune
470 4538 655 4622 ragusinum
677 4537 862 4622 imperatori
895 4536 1098 4622 Sigismundo
1119 4539 1160 4606 ad
1182 4538 1283 4622 ipsius
1305 4537 1560 4623 requisitionem,

210 4627 246 4688 ut
267 4621 350 4691 bano
372 4624 512 4692 Matooni
535 4623 681 4706 Talovec‚
705 4625 760 4708 qui
783 4625 936 4692 exmissus
959 4631 1007 4692 est
1038 4625 1100 4710 ,ad
1121 4627 1363 4696 conterrendam
1391 4625 1561 4697 infidelita·
