3428 5256
1388 343 1446 407 195

385 542 651 612 Ducdxxxvn.
679 543 771 626 litt,
795 542 833 614 31
859 533 1025 626 tannarii,
1049 544 1177 616 Romae.

115 675 269 760 lingum
292 674 359 744 PP.
384 675 448 743 IV.
467 676 628 760 fratribus
658 677 726 742 ord.
758 677 869 740 minor.
901 679 934 742 tn
958 676 1064 744 Bosno
1096 677 1242 765 concedit,
1272 685 1307 742 ut
1326 680 1449 760 fratres

114 763 268 830 mannua
298 771 351 830 eto.
373 765 408 828 in
430 761 601 850 Hungario
619 766 743 850 possint
765 766 909 848 recipere,
934 763 1001 830 loco
1031 767 1177 851 compca,
1210 765 1363 832 ordinare
1395 774 1450 834 eto.

171 894 336 976 Eugenius
358 896 523 978 episcopus
545 899 605 961 etc.
628 895 668 962 ad
691 893 829 962 futuram
853 895 899 964 rei
921 895 1114 962 memoriam.
1142 895 1291 980 Exposuit
1314 897 1446 964 dilecto-

112 999 176 1049 rum
198 979 336 1050 filiorum
358 983 467 1050 ricerii
490 988 522 1048 et
537 980 672 1050 fratrum
687 983 804 1049 vicarie
820 982 926 1051 Boane
938 983 1029 1068 juxta
1043 1001 1162 1050 morem
1178 983 1297 1051 ordinis
1312 983 1447 1052 fratrum

112 1071 263 1136 minorum
284 1069 325 1136 de
355 1069 556 1138 observantia
585 1075 836 1154 nuncupatorum
865 1089 955 1136 sacre
987 1069 1150 1154 religionis
1179 1072 1355 1153 sinceritas,
1387 1073 1448 1142 snb

112 1157 194 1242 cnjus
226 1158 435 1238 observantia,
462 1157 629 1224 mundanis
659 1158 789 1226 abiectis
818 1157 987 1238 illecebris,
1018 1158 1052 1224 in
1086 1163 1226 1226 extrem
1260 1165 1448 1244 paupertate

111 1243 280 1325 constituti,
314 1265 371 1330 per
403 1246 527 1330 piorum
557 1263 595 1313 ac
623 1245 835 1314 virtuosorum
868 1263 998 1330 operum
1032 1247 1216 1314 exercitium
1249 1252 1371 1314 ceteros
1404 1247 1448 1315 etl

111 1330 210 1400 (lirina
243 1333 420 1400 maiestatis
449 1333 611 1400 trahentes
642 1333 836 1416 obsequium,
868 1331 1015 1399 sedulum
1046 1338 1079 1400 et
1108 1343 1235 1416 gratnm
1260 1335 1447 1418 impendunt

110 1418 261 1486 altissimo
283 1419 480 1506 famulatum,
503 1425 539 1486 nt
561 1439 608 1501 ea,
632 1438 693 1502 qne
717 1421 758 1488 ad
780 1421 839 1488 Dei
861 1419 988 1488 laudem
1003 1425 1036 1486 et
1050 1419 1213 1504 religionis
1229 1431 1443 1508 augmentum,

110 1525 247 1574 necnon
270 1509 446 1576 animarum
476 1505 650 1589 profectum
679 1508 790 1575 cedere
823 1507 961 1596 ualeant,
986 1507 1033 1574 ais
1054 1506 1272 1576 favorabiliter
1296 1510 1445 1578 conceda·

109 1612 185 1662 mos.
214 1593 299 1660 Hinc
329 1603 388 1680 est,
419 1595 502 1678 quod
531 1613 589 1662 nos
619 1615 677 1680 pro
708 1595 868 1680 religionis
899 1599 1068 1678 augmento
1101 1613 1244 1663 necnon
1266 1595 1444 1664 animarum

109 1679 223 1748 Christi
246 1681 388 1750 fidelium
409 1681 521 1750 salotis
551 1681 702 1766 profectu,
735 1702 797 1750 non
828 1683 869 1749 ad
897 1681 1025 1750 illorum
1047 1683 1157 1750 vicani
1179 1688 1211 1750 ot
1233 1682 1368 1750 fratrum
1390 1681 1442 1751 rel

108 1766 236 1837 alterins
270 1789 327 1855 pro
363 1771 410 1836 eis
442 1767 533 1836 nobis
561 1788 655 1854 snper
684 1771 744 1838 hoc
773 1768 879 1837 oblate
907 1769 1071 1854 petitionis
1101 1770 1295 1850 instantiam,
1326 1770 1382 1839 sed
1404 1789 1443 1839 ex

108 1861 210 1924 nostra
242 1863 329 1926 certa
358 1857 493 1924 scientia
521 1857 671 1924 moderno
700 1863 733 1924 et
764 1859 819 1941 qui
849 1875 906 1940 pro
940 1862 1080 1942 temporo
1111 1863 1204 1924 ornnt
1226 1857 1336 1926 vicarii
1358 1858 1443 1926 dicte

107 1943 230 2026 uicaria,
254 1943 338 2028 qnod
359 1943 421 2027 ipsi
443 1944 553 2012 ricerii
575 1963 633 2028 per
653 1963 689 2012 se
710 1943 761 2012 uel
783 1943 881 2012 aliurn
902 1963 960 2012 sen
982 1943 1072 2026 alios,
1097 1963 1192 2028 quem
1213 1964 1270 2012 son
1286 1963 1365 2028 quos
1380 1945 1443 2029 ipsi

107 2030 142 2096 ad
162 2031 222 2098 hoc
246 2052 305 2117 pro
327 2036 469 2115 tempora
492 2031 639 2098 duxerint
660 2033 875 2116 deputandum
901 2031 952 2100 vel
973 2031 1180 2116 deputandos,
1204 2033 1444 2117 quibuscunque

109 2121 270 2202 ufflusquo
292 2137 385 2186 sexus
407 2117 525 2186 Christi
546 2117 703 2204 fidelibus,
725 2120 759 2186 in
782 2119 1019 2203 quibuscunque
1041 2119 1184 2202 partibus
1210 2139 1267 2186 seu
1289 2118 1376 2200 locis,
1402 2121 1444 2189 ad

109 2221 182 2288 quas
202 2206 258 2273 uel
280 2208 321 2274 ad
342 2225 404 2290 que
425 2207 510 2273 dicta
539 2206 657 2274 ricarm
688 2207 876 2288 extenditur,
906 2226 964 2292 pro
994 2211 1136 2291 tempore
1165 2208 1441 2290 commorantibus,

108 2291 331 2376 professionem
353 2313 411 2378 per
432 2293 547 2361 fratres
569 2298 602 2359 et
623 2313 747 2381 sorores
769 2295 855 2361 tertii
870 2293 989 2362 ordinis
1009 2294 1109 2364 sancti
1124 2295 1283 2362 Francisci
1298 2295 1338 2362 de
1354 2295 1442 2380 peni·

108 2381 202 2446 tentia
224 2382 405 2466 nuncupati,
427 2399 484 2466 per
505 2377 607 2447 felicis
629 2381 856 2449 recordationis
879 2381 1043 2448 Nicolaum
1066 2400 1181 2468 papam
1203 2388 1353 2464 quartum
1368 2402 1439 2468 pre-

109 2467 302 2536 decessorem
331 2473 474 2536 nostrum
502 2469 677 2552 approbati,
708 2469 810 2536 emitti
840 2467 965 2535 solitam
995 2469 1139 2536 emittere
1162 2469 1339 2537 volentibus
1360 2470 1439 2539 reci-

108 2573 179 2637 pere
200 2561 234 2623 et
256 2556 433 2642 admittere,
456 2555 564 2638 eisqxe
585 2555 764 2639 regularem
785 2556 929 2624 habitum
950 2574 1008 2640 per
1029 2555 1145 2623 fratros
1168 2563 1201 2624 et
1222 2576 1346 2624 sorores
1368 2577 1437 2640 pre-

106 2641 203 2711 dictos
225 2644 346 2728 gestari
368 2643 496 2712 solitum
525 2641 685 2732 exhibere,
716 2650 748 2711 at
775 2643 849 2712 illas
879 2663 917 2710 ex
946 2642 1088 2727 personis
1109 2644 1187 2712 dicti
1209 2645 1297 2712 tertii
1319 2643 1439 2714 ordinis

105 2728 228 2798 feminei
251 2751 356 2816 sexos,
379 2750 440 2814 que
469 2729 556 2797 nulla
582 2729 749 2798 sufficienti
778 2731 914 2814 desuper
936 2730 1066 2798 licentia
1089 2730 1217 2798 suffulta
1238 2732 1273 2798 in
1296 2731 1439 2816 Ungaric

105 2819 244 2900 partibus
275 2817 403 2885 insimul
432 2818 620 2901 habitantes,
651 2817 758 2903 aliqua
787 2816 857 2886 loca
885 2837 942 2902 pro
973 2835 1082 2886 eorum
1104 2838 1164 2885 usu
1186 2824 1219 2887 et
1242 2818 1440 2888 habitatione

104 2905 141 2972 de
161 2924 244 2974 noro
268 2909 519 2987 construxerunt,
542 2925 598 2974 sen
624 2907 691 2990 jam
710 2909 889 2974 constructa
910 2911 1108 2990 receperunt,
1131 2907 1171 2974 ab
1194 2907 1440 2976 excommunica·

104 2991 193 3060 tionis
216 2991 354 3076 aliisque
375 2991 550 3074 sententiis,
573 2995 712 3061 censuris
734 2999 766 3060 et
788 2992 889 3078 penis,
905 2993 933 3060 si
948 3011 1027 3076 quas
1041 2999 1210 3079 propterea
1225 2995 1438 3080 incurrerunt,

103 3078 266 3148 absolvere
286 3081 320 3147 in
341 3079 444 3148 forma
465 3077 596 3148 ecclesie
618 3085 776 3164 consueta,
799 3079 948 3148 iniunctis
971 3082 1019 3148 eis
1044 3101 1101 3166 pro
1123 3082 1215 3148 modo
1238 3081 1329 3166 cnlpe
1351 3083 1438 3166 peni-

102 3166 199 3235 tentia
221 3165 357 3234 salutari
379 3174 411 3236 at
433 3165 514 3246 aliis,
537 3185 598 3250 que
620 3169 749 3252 dejure
771 3167 889 3235 inerint
910 3167 1113 3254 iniungenda,
1135 3169 1244 3253 eisque
1267 3168 1438 3251 quodiam

20 3289 22 3332 ε
101 3261 226 3338 recepta
248 3256 397 3339 retinere,
421 3259 453 3322 et
475 3253 547 3321 aliis
569 3254 715 3321 similiter
736 3255 850 3340 prefati
879 3273 972 3322 sexus
995 3257 1146 3340 personis,
1170 3256 1253 3340 quod
1276 3258 1348 3339 duo,
1370 3263 1439 3324 tres

20 3411 22 3416 ,
102 3341 258 3426 etplnra,
290 3359 328 3410 ac
357 3347 406 3410 tot
427 3339 491 3410 alia
524 3341 633 3408 domos
663 3347 759 3424 atque
790 3341 869 3425 loca,
900 3347 977 3426 quot
1007 3343 1085 3426 ipsis
1115 3343 1241 3411 sicariis
1268 3343 1439 3426 expediens

102 3428 270 3512 ridebitur,
293 3449 363 3498 curn
387 3427 541 3503 oratoriis,
574 3429 768 3498 dormitoriis
800 3435 834 3496 et
864 3429 935 3497 aliis
965 3448 1155 3515 prosarum
1176 3449 1237 3498 usn
1259 3435 1292 3498 ot
1314 3431 1438 3500 babita-

20 3535 22 3606 ᾗ
100 3515 182 3584 tione
212 3516 401 3585 necessariis
430 3514 563 3583 officinis
594 3516 726 3585 ubilibet
755 3517 788 3584 in
818 3517 904 3585 dicta
932 3517 1050 3584 vicaria
1080 3519 1119 3586 de
1142 3537 1221 3584 novo
1244 3525 1439 3600 construere,

20 3631 21 3654 a
100 3605 242 3689 asnjam
264 3608 444 3672 constructa
465 3602 516 3670 rel
538 3603 599 3671 sibi
622 3623 769 3674 concessa
790 3605 938 3690 recipere,
962 3603 1236 3672 confraternitates
1258 3605 1357 3673 etiam
1379 3624 1437 3674 sen

20 3745 21 3778 3
100 3691 268 3760 societates
298 3691 409 3777 pietati
439 3689 578 3775 idoneas,
605 3692 698 3776 juxta
726 3711 847 3760 morem
879 3692 1046 3776 presertim
1076 3691 1229 3775 italicum,
1264 3691 1439 3777 vulgariter

20 3797 23 3812 ’
100 3780 336 3848 verberatorum
357 3796 414 3846 sen
435 3777 666 3862 flagellatorum
688 3787 891 3866 nuncupatas,
914 3797 985 3846 cum
1008 3779 1191 3864 opportunis
1207 3779 1438 3848 constitutioni-

20 3861 21 3936 ³
99 3863 155 3934 bus
177 3866 337 3942 ordinare,
360 3865 591 3953 coordinatus,
613 3867 732 3952 absquo
747 3866 929 3950 quorumvis
943 3865 1138 3952 prelatorum
1153 3867 1438 3936 ecclesiasticorum

20 3981 21 4014 a
99 3953 148 4020 rel
169 3953 307 4022 alterins
333 3953 498 4038 dignitatis
529 3955 785 4036 contradictione,
816 3973 894 4038 quos
928 3954 1034 4036 etiam,
1064 3973 1104 4022 ne
1135 3953 1251 4022 talibus
1283 3955 1438 4024 desistere

20 4051 22 4130 ζ
99 4039 243 4124 debeant,
266 4040 439 4127 apostolica
461 4041 651 4110 anctoritate
681 4041 793 4110 harum
824 4042 905 4108 serie
928 4041 1131 4126 probibemus
1153 4047 1186 4110 et
1208 4042 1434 4126 interdicimus,

20 4151 21 4214 3
99 4127 128 4192 in
150 4130 218 4197 nnis
241 4127 460 4196 deuotionibus
481 4146 519 4196 ac
540 4128 602 4214 piis
617 4131 765 4214 operibns
780 4128 896 4216 forare,
911 4131 1042 4206 nutrire,
1058 4133 1264 4212 augmentare
1279 4135 1312 4196 et
1326 4148 1437 4198 manu·

20 4291 21 4296 ,
99 4233 100 4242 ¹
140 4235 211 4300 uera,
236 4233 378 4283 necnon
400 4215 484 4300 quod
506 4216 667 4285 confessor
688 4237 746 4286 sen
768 4217 960 4286 confessores
983 4216 1058 4284 dicti
1081 4216 1201 4284 ordinis
1223 4217 1379 4284 minorum
1396 4219 1435 4285 da

20 4315 21 4350 ³
99 4339 100 4344 =
144 4303 307 4389 amantia,
330 4321 424 4387 quem
454 4321 511 4372 seu
543 4324 621 4390 qnos
650 4305 814 4388 utriusque
841 4323 933 4372 sexus
956 4323 1099 4392 persone,
1123 4323 1185 4388 que
1206 4303 1434 4388 professionem

20 4415 21 4434 ¹
144 4391 181 4458 tii
210 4391 332 4459 ordinis
365 4390 544 4474 hujusmodi
577 4410 634 4476 pro
667 4398 807 4476 tempore
840 4391 1011 4474 emiserint,
1045 4411 1101 4459 seu
1135 4390 1263 4460 illarum
1293 4391 1436 4474 quelibet

98 4505 100 4532 r
140 4483 315 4564 farumque
337 4477 631 4548 confraternitatum
652 4477 768 4564 singuli
791 4484 824 4546 et
844 4478 968 4562 singule
992 4498 1049 4562 pro
1071 4484 1212 4561 tompore
1235 4479 1360 4546 durent
1382 4477 1433 4546 vel

98 4591 100 4620 t
136 4567 242 4634 serint
263 4564 444 4650 eligendum
466 4585 522 4635 seu
543 4567 713 4650 eligendos,
737 4585 846 4635 eorum
868 4565 1114 4636 confessionibus
1129 4566 1298 4650 diligenter
1316 4564 1433 4634 auditis

98 4677 100 4710 ι
140 4653 238 4723 nibus
260 4673 300 4724 ex
322 4653 443 4722 ebdom
471 4654 620 4738 predictis
648 4655 682 4723 in
710 4655 880 4724 reservatis
908 4652 1007 4722 semel
1030 4659 1162 4736 tantum,
1190 4655 1223 4720 in
1245 4672 1308 4720 non
1330 4671 1435 4724 resen

97 4759 100 4772 ¹
140 4742 176 4812 'is
198 4761 275 4812 sero
296 4743 367 4811 sedi
395 4741 568 4826 apostolico
597 4743 731 4826 casibus,
761 4743 906 4826 quotiens
928 4740 1025 4810 fuerit
1046 4745 1267 4826 opportunum,
1290 4740 1431 4884 debitam
