3410 5258
1414 247 1474 312 281

132 457 166 520 ct
187 452 370 521 donationis
402 471 531 521 musam
564 453 678 522 essetis
712 455 812 521 vocati
846 453 887 522 ad
920 454 1102 522 corumdem
1134 453 1332 522 dominorum
1365 457 1477 538 terrm,

133 539 261 624 oppida,
285 545 391 608 castra
412 545 446 606 ct
468 539 588 609 ruralia
608 539 678 608 locs
699 541 734 608 in
750 539 877 609 Oroatia
894 545 928 608 ct
942 539 1118 625 sclavonia,
1135 540 1218 608 ultre
1234 539 1349 608 flumen
1366 539 1478 624 Saroy,

132 627 246 694 domos
267 635 301 693 et
322 625 393 694 loca
414 627 556 694 eiusdem
578 627 698 694 ordinis
720 627 899 708 aedificare,
923 628 972 694 rel
994 628 1204 696 siaedificcta
1218 627 1346 705 fuerint,
1365 626 1479 693 inillis

134 719 228 780 stare
246 717 280 780 ei
301 714 429 781 domino
458 714 613 782 umulare
643 715 780 798 possitis,
814 715 910 782 etiam
939 715 968 781 sl
998 733 1106 782 eorum
1128 715 1272 782 dominia·
1298 713 1351 780 vel
1372 720 1479 781 terrae

134 817 239 882 usque
262 801 302 867 cd
325 799 441 868 humor
463 801 590 885 Draroy
613 808 646 868 et
676 801 756 868 alias
778 821 813 868 se
839 801 1020 881 extendant,
1044 805 1078 868 et
1099 803 1182 885 quod
1206 799 1322 884 populo
1346 819 1402 883 per
1424 817 1480 868 vos

132 905 289 953 converso
311 887 525 955 ecclesiastica
546 895 744 956 sacramenta
766 889 948 954 ministrare
970 907 1008 956 ac
1029 889 1125 955 etiam
1148 891 1188 955 ob
1206 887 1339 954 fratrum
1356 887 1477 954 ordinis

132 973 271 1058 predicti
293 973 542 1057 diminutionem,
563 993 621 1059 per
635 975 736 1042 dictos
750 973 894 1042 infideles
909 974 1029 1043 Turcas
1043 974 1169 1060 factam,
1184 991 1347 1058 quousque
1361 974 1478 1043 hahes

133 1061 211 1127 dicti
234 1061 354 1127 ordinis
375 1061 408 1126 in
430 1063 545 1128 vestris
567 1063 712 1129 domibus
734 1067 766 1130 et
789 1062 993 1129 conuentibus
1016 1079 1053 1130 ac
1074 1061 1154 1129 locis
1175 1063 1317 1144 recipere
1338 1061 1476 1145 possitis,

133 1149 308 1215 concedere
330 1153 363 1214 et
384 1146 464 1215 alius
485 1148 518 1214 in
541 1149 723 1233 praemissis
745 1153 919 1234 opportune
941 1149 1107 1234 providere
1129 1149 1169 1216 de
1191 1148 1388 1229 benignitate
1403 1167 1477 1232 apo·

133 1231 250 1300 stolica
272 1234 483 1318 duraremus
506 1235 572 1302 Nos
594 1236 693 1318 igitur
714 1237 802 1302 robis
824 1253 911 1304 more
932 1235 977 1318 pii
992 1236 1092 1320 patris
1112 1235 1340 1319 compatientes
1362 1233 1478 1301 affectu

134 1338 173 1388 ac
195 1321 312 1388 restris
334 1325 368 1386 et
389 1322 603 1404 quorumlibet
632 1327 771 1390 resuom
801 1321 1035 1390 calamitatibus
1066 1321 1258 1404 indigentiis,
1285 1320 1478 1389 molestatio

134 1407 231 1474 uibus
252 1413 287 1474 et
307 1407 465 1491 periculis,
494 1409 608 1493 quibus
638 1410 671 1476 iu
699 1409 768 1478 dles
789 1409 989 1499 subjicimini,
1012 1427 1177 1477 occurrere
1198 1408 1367 1494 cupientes,
1391 1407 1478 1476 robis

134 1499 169 1561 et
190 1498 333 1562 restrum
355 1495 557 1581 quibuslibet,
580 1497 725 1564 domibus
741 1495 866 1564 ulcere
888 1515 925 1563 ac
947 1497 1153 1563 conventibus
1171 1499 1295 1578 restris,
1311 1493 1400 1562 nulla
1415 1494 1480 1562 alia

134 1579 269 1648 licentis
290 1582 427 1665 desuper
449 1581 530 1651 allas
551 1585 692 1668 obtenta,
724 1587 761 1650 ut
780 1584 989 1668 possesiones,
1012 1584 1120 1650 niueas
1142 1586 1175 1650 et
1196 1583 1278 1648 bona
1299 1582 1363 1650 alia
1385 1600 1480 1664 quae-

135 1667 1480 1768 ul

135 1841 338 1924 wntiugsrii,
361 1843 402 1908 ad
424 1843 605 1910 eorumdem
635 1843 833 1911 dommorum
858 1844 1012 1928 edures,
1036 1851 1148 1926 terras,
1171 1843 1296 1926 oppida,
1320 1847 1424 1910 castra
1447 1847 1481 1909 et

135 1927 208 1995 loca
230 1927 353 1995 ruralia
381 1929 415 1994 in
446 1928 575 1996 Oroatia
606 1935 638 1998 et
668 1929 831 1998 Solemnis
860 1931 1011 2014 predictis
1039 1929 1126 1997 ultra
1155 1929 1333 2013 hujusmodi
1362 1927 1480 1996 flumen

136 2013 242 2098 &roy
264 2015 376 2082 domos
398 2021 431 2082 et
461 2023 633 2084 conventus
655 2016 832 2098 asffificarc,
855 2017 906 2084 rel
937 2018 965 2083 si
986 2015 1151 2084 sedidem
1173 2015 1300 2096 luerint,
1323 2015 1381 2084 illa
1402 2015 1481 2084 reci·

135 2121 214 2186 pere
250 2106 284 2168 et
318 2101 349 2166 in
382 2101 448 2170 illis
470 2107 566 2184 sture,
597 2105 694 2172 etiam
723 2105 752 2170 si
781 2103 981 2171 dominorum
1010 2103 1189 2170 huiusmodi
1222 2111 1380 2169 terrarum
1402 2101 1481 2169 lines

136 2207 241 2270 usquo
265 2189 306 2255 ad
328 2189 445 2255 flumen
468 2191 595 2276 Dreroy
616 2189 668 2256 vol
690 2189 771 2257 alias
794 2210 828 2258 se
852 2191 1024 2258 extendant
1045 2197 1079 2256 et
1100 2191 1219 2258 eisdem
1234 2189 1313 2256 locis
1328 2194 1481 2274 perpetuo

136 2275 296 2342 ultimimo
318 2274 476 2354 famulari,
500 2295 557 2343 nec
580 2295 642 2344 non
672 2276 787 2361 populo
814 2295 872 2362 per
894 2295 950 2346 vos
972 2295 1121 2344 converso
1144 2277 1356 2344 ecclesiastica
1377 2295 1481 2343 sacra-

136 2363 249 2429 menta
270 2363 452 2430 ministrare
483 2367 517 2430 et
545 2363 587 2430 de
615 2381 768 2432 consensu
797 2361 1012 2448 praelatorum
1045 2364 1161 2431 iratres
1192 2364 1268 2430 dicti
1298 2363 1418 2430 ordinis
1446 2363 1480 2428 in

136 2449 256 2517 rostris
278 2449 435 2536 domibus,
464 2450 670 2518 conventibus
696 2456 728 2516 et
758 2449 834 2518 locis
856 2452 1006 2534 recipere,
1034 2470 1176 2518 necnon
1198 2451 1356 2534 quandam
1378 2447 1479 2516 ecele-

137 2538 218 2603 siam
242 2554 339 2618 quam
368 2535 502 2601 dilectus
524 2535 607 2603 filius
638 2537 801 2622 Philippus
823 2539 987 2621 presbyter
1009 2537 1195 2621 aedificavit,
1226 2555 1307 2619 cum,
1339 2541 1375 2603 ut
1397 2554 1481 2603 asse·

138 2623 239 2702 titur,
276 2621 345 2705 ipse
381 2621 547 2706 Philippus
583 2623 726 2690 ordinem
769 2625 873 2705 ipsum
910 2625 1034 2706 ingredi
1071 2631 1104 2689 et
1141 2624 1272 2690 eandem
1315 2622 1481 2690 ecclesiam

139 2709 237 2776 etium
267 2725 339 2774 curn
371 2709 573 2793 pertinenciis
603 2710 694 2777 vobis
721 2715 754 2777 et
783 2711 886 2778 ordini
917 2716 1024 2778 vestro
1053 2711 1215 2796 praedicto
1244 2711 1321 2776 dare
1351 2716 1481 2793 paratus

140 2795 267 2874 metat,
290 2794 431 2878 recipere
453 2800 486 2862 ct
507 2795 636 2864 domum
657 2799 740 2864 circs
755 2799 890 2864 eandem
905 2795 1071 2864 eeclesiam
1087 2795 1264 2884 aedificare,
1279 2801 1312 2863 et
1327 2815 1363 2863 er
1380 2796 1480 2880 ipsius

139 2879 293 2950 ecclesiae
315 2883 512 2961 coemeterio,
536 2883 620 2966 quod
650 2883 691 2952 ab
723 2883 901 2950 huiusmodi
930 2883 1023 2950 domo
1053 2883 1138 2951 ultra
1167 2883 1345 2968 quindecim
1371 2901 1482 2966 pessus

138 2988 199 3038 non
222 2969 331 3044 distat,
355 2967 412 3050 pr'o
435 2987 494 3034 usu
517 2975 623 3036 restro
645 2989 741 3038 unum
764 2969 891 3038 hortum
914 2969 1020 3038 iacere
1042 2975 1075 3036 et
1098 2972 1182 3054 quod
1198 2969 1320 3036 hactus
1336 2969 1481 3036 redditus

139 3061 170 3124 et
202 3060 378 3140 proventus
406 3053 559 3124 ecclesiae
588 3062 698 3125 santae
729 3055 851 3124 Mariae
885 3057 925 3124 de
955 3056 1110 3124 oncusu
1140 3055 1379 3125 Gorbaueiensis
1410 3055 1481 3141 (sic)

137 3143 237 3210 dioec
269 3160 328 3226 per
356 3148 592 3226 procuratorem
622 3147 771 3211 vestrum·
794 3144 936 3227 accipere
965 3144 1095 3227 possitis
1125 3145 1246 3226 pariter
1275 3149 1308 3209 et
1337 3141 1480 3223 umectis,

137 3228 335 3297 authoritate
357 3227 530 3310 apostolica
551 3235 660 3297 tenore
683 3231 897 3314 praesentium
920 3231 1119 3297 concedimus
1141 3230 1261 3314 pariter
1283 3235 1316 3298 et
1338 3227 1482 3312 indulge-

135 3335 217 3384 mus.
242 3316 288 3382 Et
308 3317 446 3400 insuper,
478 3315 554 3398 quia
575 3317 767 3400 haquerrter,
798 3323 834 3384 ut
862 3317 1063 3402 subiungitis,
1093 3319 1208 3396 evenit,
1232 3315 1317 3400 quud
1343 3317 1482 3399 partium

134 3403 375 3488 praedictarum
391 3402 597 3470 ecclesiarum
612 3404 845 3488 praedictarum
859 3411 998 3471 rectores
1013 3410 1046 3470 et
1062 3403 1188 3485 plebani
1203 3403 1321 3486 aliique
1335 3403 1482 3488 praesby-

135 3491 200 3556 teri
224 3488 407 3558 saecul'ares
437 3487 555 3557 Christi
587 3489 696 3558 fideles
725 3491 766 3557 ad
796 3510 852 3558 vos
882 3491 987 3575 gratia
1013 3489 1180 3558 confitendi
1214 3495 1341 3570 peccata
1370 3508 1429 3556 sua
1450 3493 1483 3557 et

134 3575 344 3646 charitativae
367 3575 583 3660 eleemosynas
605 3577 694 3644 vobis
714 3577 809 3644 dandi
825 3579 1020 3656 accedentes,
1044 3579 1170 3645 cosdem
1186 3574 1424 3659 christifideles,
1440 3595 1482 3642 ne

134 3665 167 3731 id
190 3663 325 3746 iaciant,
352 3665 519 3730 retrahunt
547 3669 580 3730 et
610 3664 670 3731 sub
692 3665 1023 3731 excommunicationis
1052 3682 1153 3747 poena
1183 3663 1301 3729 eisdem
1326 3663 1481 3744 inhibent,

135 3747 297 3817 universis
319 3749 439 3816 eisdem
460 3751 646 3832 rectoribus,
669 3749 812 3834 plebanis
835 3755 867 3816 et
889 3749 959 3817 aliis
974 3750 1186 3833 praesbyteris
1202 3749 1424 3830 saecularibus,
1440 3768 1481 3816 ue

135 3835 371 3904 christifideles
392 3835 478 3918 ipsos
508 3837 549 3902 ab
580 3838 758 3904 huiusmodi
788 3837 1036 3904 confessionibus
1069 3843 1103 3904 et
1123 3835 1321 3904 charitativis
1346 3836 1482 3902 eleemo-

134 3923 225 4008 synis
240 3921 479 4005 quomodolibet
493 3923 612 3991 directe
627 3923 678 3992 vel
693 3925 847 3991 indirecte
862 3924 1027 3991 retrahant
1042 3943 1097 3991 seu
1114 3925 1306 3990 contrarium
1321 3924 1481 4005 suadeant,

134 4011 196 4077 sub
220 4008 553 4076 excommunicationis
575 4029 678 4093 poena
699 4011 874 4078 districtius
899 4009 1087 4077 inhibemus.

201 4096 354 4164 Ceterum
384 4098 615 4164 concessionem
646 4099 736 4163 robis
766 4099 806 4165 de
836 4103 991 4164 conventu
1020 4116 1076 4164 scu
1107 4098 1199 4163 domo
1230 4095 1374 4179 Segnien.
1406 4093 1482 4161 olim

157 4183 227 4250 obis
249 4181 368 4250 hetam
390 4200 449 4248 nec
470 4201 532 4249 non
555 4181 642 4250 illius
663 4183 893 4268 possessionem
914 4203 971 4266 per
993 4202 1048 4250 vos
1063 4183 1211 4267 adeptam
1228 4187 1260 4250 et
1275 4200 1481 4264 quaecunque

161 4269 211 4338 rde
245 4273 356 4336 secuta
389 4269 475 4336 dicta
509 4271 699 4337 auctoritate
733 4272 954 4354 approbamus,
989 4269 1210 4336 confirmamus
1243 4271 1276 4335 et
1305 4268 1482 4351 praesentis

155 4357 266 4440 criptis
288 4355 464 4440 patrocinio
493 4357 730 4441 communimus,
761 4355 946 4439 supplentes
976 4375 1086 4423 omnes
1108 4361 1140 4422 et
1166 4355 1308 4438 singulos
1329 4353 1481 4434 delectus,

17 4439 18 4530 J
153 4445 164 4508 i
186 4443 243 4526 qui
266 4442 496 4510 intervenerint
517 4445 550 4509 in
570 4444 697 4524 eisdem,
714 4443 865 4526 vobisque
880 4443 1088 4524 concedimus,
1105 4448 1141 4508 ut
1156 4443 1247 4524 bona,
1264 4441 1394 4519 hactus,
1411 4441 1481 4506 red·

161 4529 222 4598 ltus
244 4535 280 4596 et
301 4533 474 4613 proventus
506 4529 781 4598 comendamus
811 4549 868 4596 seu
891 4535 1063 4596 conventus
1086 4527 1231 4611 Segnien.
1255 4547 1313 4610 per
1335 4545 1480 4608 procura-

161 4635 240 4684 nem
262 4621 405 4684 vestrm
426 4618 625 4700 praedictum
647 4616 699 4684 rel
721 4617 819 4685 chum
843 4633 898 4702 per
920 4635 976 4683 ros
998 4616 1252 4684 constituendum
1267 4615 1429 4699 percipere
1448 4617 1482 4680 et
