3406 5262
1449 213 1507 278 151

159 409 334 495 Ungariae‚
357 413 539 493 Bobemiae,
570 412 760 499 Dalmatiae,
792 413 939 482 Oroatiae
969 419 1028 482 etc.
1053 433 1159 498 regem
1187 412 1448 498 gloriosissimum
1473 419 1507 486 in

157 517 219 566 sua
243 501 372 567 civitate
402 499 587 588 Albaragali
618 500 840 586 praesentibus
870 501 1081 587 infrascriptis
1103 501 1255 584 praelatis
1278 509 1311 568 et
1333 505 1506 573 baronibus

157 588 253 668 regni
282 588 332 654 sui
363 587 534 671 Ungariae‚
561 588 726 656 videlicet:
757 589 1016 655 reverendissimo
1049 589 1081 654 in
1114 587 1242 656 Christo
1273 588 1309 657 P.
1343 591 1378 658 P.
1403 593 1441 658 D.
1463 594 1505 661 D.

158 671 259 740 Petro
282 675 322 740 de
344 675 471 758 Rosgon
494 676 667 758 figriensis,
699 675 826 742 Simone
857 674 1006 741 similiter
1036 677 1076 743 de
1099 677 1225 757 Rosgon
1249 677 1508 762 wesprimiensis

159 765 193 826 at
216 759 383 828 Clemente
406 763 604 830 laurinensis
621 763 825 829 ecclesiarum
841 762 1013 846 episcopis;
1036 781 1093 828 nec
1108 781 1169 828 nou
1191 764 1366 847 magnificis
1382 767 1505 834 Mathia

159 848 200 914 de
224 847 348 930 Palutz,
379 849 457 916 dicti
487 849 578 933 regni
609 849 771 932 Ungeriae
801 848 963 932 palatin03
993 849 1107 916 comite
1130 849 1290 932 Stephano
1313 854 1352 919 de
1375 853 1506 933 Bfitbor,

158 935 267 1002 iudice
299 935 407 1003 curiae
435 937 562 1020 regiam
593 935 742 1002 ldatkone
773 936 812 1002 de
842 935 988 1016 Taloucz,
1012 937 1094 1002 bano
1120 937 1211 1018 regni
1234 936 1425 1020 slavoniam
1449 941 1509 1008 La-

159 1021 265 1088 dislao
295 1022 336 1089 de
366 1024 461 1108 Gara,
491 1023 574 1092 bano
603 1023 836 1102 Macboviensi3
867 1023 964 1089 Petro
995 1022 1100 1089 Cbech
1136 1029 1168 1090 et
1192 1025 1333 1091 limarico
1357 1026 1396 1092 de
1419 1027 1508 1095 Mar-

159 1107 266 1187 czalli,
282 1109 453 1176 ianitorum
468 1109 623 1194 regalium
638 1110 809 1192 magistris,
827 1110 1003 1191 ceterisque
1019 1109 1271 1194 quampluribus
1287 1115 1509 1195 praesentibus

160 1201 194 1262 et
217 1196 428 1264 adstantibus.
460 1199 540 1263 ltern
572 1196 749 1279 magnificis
779 1202 812 1263 et
834 1197 971 1279 egregiis
994 1197 1175 1263 Tuertkone
1197 1197 1397 1280 Borovinich,
1420 1201 1508 1283 pala·

159 1283 229 1348 tino
252 1283 341 1365 regni
366 1283 466 1350 nostri
489 1283 629 1363 Bosnae3
664 1283 801 1365 Georgia
825 1281 889 1349 filio
913 1283 1067 1365 Dragiob;
1090 1283 1239 1350 Ladislao
1262 1284 1327 1350 filio
1350 1288 1508 1368 quondam

159 1369 314 1450 rainadaa
336 1369 429 1437 Pauli
451 1370 608 1454 Klassicb,
632 1370 786 1454 magistro
807 1369 915 1437 curiae
937 1374 1074 1452 nostrae,
1097 1377 1130 1436 at
1151 1369 1294 1454 Hristoja
1316 1373 1356 1438 de
1371 1372 1507 1456 Hlarus,

161 1457 338 1522 mmerario
361 1462 481 1542 nostro,
504 1459 623 1524 nostris
645 1458 678 1522 in
700 1475 799 1539 regno
822 1461 930 1523 nostro
952 1457 1077 1523 Boram
1099 1457 1281 1543 baronibus,
1296 1458 1455 1526 nobilibus
1475 1467 1507 1528 et

160 1541 356 1610 militaribus
378 1543 589 1628 personaliter
609 1544 756 1626 requisiti
779 1549 812 1610 et
830 1544 942 1610 moniti
957 1543 1165 1628 promisimus,
1182 1544 1280 1612 immo
1294 1548 1508 1629 praesentium

162 1637 273 1696 tenore
296 1629 431 1697 firmiter
452 1632 666 1716 promittimus
688 1631 747 1698 sub
771 1631 852 1698 bona
874 1635 906 1698 et
928 1630 1104 1697 inviolabili
1127 1629 1189 1696 fide
1211 1639 1329 1716 nostra,
1352 1640 1508 1715 quatenus

163 1718 270 1784 omnia
293 1715 434 1784 danaim
455 1738 511 1784 seu
534 1717 603 1786 loca
626 1717 939 1784 iratrum‘minorurn
967 1717 1086 1784 ordinis
1108 1735 1133 1783 s.
1157 1717 1316 1787 Francisci
1339 1721 1379 1786 de
1401 1721 1508 1787 obser·

161 1804 268 1870 nantia
290 1805 428 1872 vicariae
450 1806 585 1886 Boenae,
621 1805 653 1870 in
684 1805 769 1871 dicto
797 1823 895 1887 regno
918 1808 1026 1870 nostro
1049 1804 1172 1870 Boenae
1195 1811 1227 1870 et
1249 1807 1344 1872 terris
1366 1807 1508 1874 eiusdem

163 1897 194 1958 at
216 1890 402 1972 specialiter
423 1893 455 1957 in
478 1893 574 1960 terris
597 1897 628 1958 et
651 1893 770 1958 tenutis
792 1891 942 1975 potestati
965 1895 1092 1957 nostrae
1113 1892 1263 1958 subiectis
1286 1911 1323 1959 ac
1345 1892 1460 1963 iratres
1475 1895 1508 1960 in

164 1977 284 2045 eisdem
307 1997 392 2045 nunc
421 1985 454 2046 et
483 1981 517 2045 in
548 1978 691 2046 buturum
723 1978 910 2046 successivis
932 1996 1057 2060 semper
1086 1979 1281 2060 temporibus
1303 1981 1454 2063 degentes
1476 1987 1509 2046 st

163 2065 231 2130 Deo
254 2064 455 2150 famulantes,
487 2067 528 2132 ab
559 2067 704 2132 omnibus
737 2071 769 2131 et
797 2064 931 2146 singulis
961 2083 999 2130 ex
1022 2083 1210 2147 quacunque
1236 2085 1332 2132 causa
1354 2075 1410 2134 aut
1432 2087 1506 2150 quo·

164 2170 289 2234 cunque
311 2153 437 2235 iugenio
468 2153 520 2219 rel
542 2153 645 2220 colore
676 2153 806 2219 turbare
829 2157 862 2218 et
883 2149 1053 2217 molestare
1079 2149 1268 2230 uolentibus,
1292 2153 1368 2218 totis
1390 2156 1508 2223 nostris

161 2239 285 2306 uiribus
307 2245 520 2322 protegamus,
552 2241 713 2306 tuebimur
743 2244 776 2305 et
806 2238 1087 2318 manutenebimus,
1120 2255 1177 2304 nec
1209 2258 1267 2322 per
1288 2242 1507 2324 nosmetipsos,

162 2330 219 2392 aut
241 2330 402 2394 nostrates
424 2326 563 2409 aliquam
586 2325 764 2393 molestiam
787 2325 838 2393 rel
861 2325 1074 2393 turbationem
1090 2323 1208 2391 eisdem
1223 2325 1274 2392 rel
1289 2325 1384 2394 alicui
1399 2346 1508 2394 eorum

163 2411 347 2492 inferemus,
370 2431 429 2479 nea
450 2413 562 2480 infarri
585 2413 736 2481 faciemus
758 2430 860 2495 neque
882 2411 1111 2496 permittemus,
1128 2411 1239 2478 dantes
1254 2417 1287 2479 et
1303 2414 1508 2483 concedentes

163 2499 283 2566 eisdem
306 2500 343 2564 F.
367 2499 403 2564 F.
427 2500 647 2584 praesentibus
676 2505 709 2566 et
731 2498 847 2566 laturis
877 2503 910 2564 et
932 2497 1063 2565 cuilibet
1085 2517 1194 2565 eorum
1215 2497 1352 2582 plenam,
1375 2501 1508 2570 liberam

165 2591 196 2650 et
218 2586 432 2654 omnimodam
463 2585 648 2653 facultatem
682 2588 715 2652 in
741 2585 887 2652 omnibus
916 2585 1010 2652 terris
1036 2589 1069 2652 et
1098 2584 1178 2651 locis
1208 2587 1298 2669 regni
1329 2588 1453 2654 Boenae
1476 2597 1508 2654 et

163 2673 351 2754 praesertim
373 2677 501 2739 nostrae
524 2673 733 2739 iurisdictioni
755 2679 787 2738 et
809 2673 960 2754 potestati
983 2672 1134 2738 subiectis
1149 2673 1352 2754 praedicandi
1374 2674 1507 2740 verbum

159 2757 220 2825 Ilei
243 2777 282 2824 ac
304 2764 434 2826 sanctae
457 2758 631 2826 catholicae
653 2765 685 2826 et
708 2778 857 2825 romanae
880 2757 1031 2826 ecelesiae
1055 2760 1243 2839 raritatem3
1268 2779 1377 2827 omues
1400 2767 1432 2827 et
1445 2762 1507 2828 sin-

161 2844 252 2926 gulos
275 2845 418 2911 homines
449 2847 614 2928 utriusque
645 2864 747 2923 senus,
777 2846 989 2926 cuiuscunque
1017 2845 1081 2910 sint
1104 2845 1218 2912 aetatis
1248 2851 1281 2912 et
1311 2847 1508 2927 conditionis,

161 2932 341 3016 baptizandi
357 2933 445 2998 etad
461 2933 565 3008 fidem,
582 2951 676 3014 quarn
691 2937 801 3000 saneta
816 2931 972 2998 catholica
988 2935 1021 2998 et
1035 2950 1167 2997 romana
1181 2930 1348 3013 profitetur
1364 2933 1507 3018 ecclesia,

59 3091 67 3102 ,
163 3018 376 3098 convertendi,
398 3037 457 3085 naa
479 3017 587 3100 aliquo
609 3023 752 3102 tempore
776 3019 954 3086 huiusmodi
976 3024 1103 3086 sanetas
1118 3023 1151 3084 et
1165 3017 1347 3085 salutiferas
1366 3020 1507 3102 ipsorum

164 3105 364 3186 operationes
393 3106 505 3188 quouis
536 3107 680 3188 quaesitu
708 3105 821 3186 colore,
856 3104 977 3171 duecte
1010 3103 1061 3169 rel
1094 3105 1257 3184 indirecte,
1288 3124 1346 3190 par
1377 3125 1434 3174 nos
1457 3105 1508 3172 rel

165 3189 254 3270 alios,
278 3190 386 3274 palam
407 3191 459 3258 vel
481 3191 614 3270 occulte,
638 3191 845 3276 impediemus
867 3190 917 3257 vel
940 3191 1087 3274 impediri
1109 3190 1271 3258 faciemus.

225 3279 264 3344 In
288 3278 377 3345 cuius
400 3279 447 3344 rei
476 3280 661 3346 memoriam
692 3285 724 3345 et
752 3278 934 3344 firmitatem
963 3282 1148 3360 perpetuam
1179 3283 1361 3360 praesentes
1383 3283 1509 3345 nostras

164 3363 297 3445 litteras,
329 3365 448 3432 eisdem
478 3364 630 3432 iratribus
661 3367 720 3432 sub
751 3371 857 3432 nostro
889 3363 995 3447 sigillo
1026 3364 1216 3446 authentico,
1249 3384 1311 3448 quo
1333 3369 1453 3432 utimur
1475 3365 1508 3430 in

165 3453 335 3536 praesenti,
359 3453 506 3518 duximus
528 3451 752 3519 concedendas.

225 3537 346 3604 Datum
368 3539 402 3604 in
424 3539 511 3606 dicta
533 3540 660 3606 civitate
682 3537 865 3620 Albaregali
887 3538 939 3604 die
967 3544 1006 3603 25
1030 3537 1185 3618 Januarii,
1209 3537 1357 3605 videlicet
1379 3537 1508 3606 infesto

162 3625 376 3777 &mersionis
400 3644 433 3778 tso
456 3625 547 3692 Pauli
577 3624 723 3710 apostoli,
754 3645 837 3694 anno
866 3625 993 3692 Domini
1026 3623 1195 3692 millesimo
1218 3624 1509 3709 quadrigentesimo

193 3729 322 3778 rcemmo
345 3731 398 3779 ser
435 3763 443 3778 .
776 3733 780 3739 ·

222 3814 254 3868 P.
273 3814 420 3870 Mus
436 3815 536 3870 Paoic':
555 3814 669 3868 Ramus.
689 3813 767 3869 virid.
786 3814 856 3869 oliv.
876 3831 902 3884 p.
922 3815 947 3868 6.

492 3987 737 4055 cccxxxvii.
764 3987 857 4075 1436,
881 3987 900 4056 8
924 3987 1011 4072 llail,
1039 3985 1175 4057 l'ordae.

164 4111 317 4198 Georgius
340 4113 502 4196 episcopua
528 4111 759 4176 Transiloonus
780 4113 893 4176 inuitat
915 4133 940 4177 a.
956 4111 1108 4174 Jacobum
1125 4111 1162 4173 de
1178 4108 1335 4186 Morcbia,
1352 4111 1507 4175 vicarium

160 4197 281 4265 Bosnoe
303 4202 372 4283 eta,
394 4205 430 4263 ui
452 4201 684 4283 quamprimum
707 4200 750 4262 od
772 4218 863 4262 socom
887 4197 1045 4262 ecclesiam
1056 4215 1119 4280 pro
1140 4199 1346 4280 estimatione
1368 4197 1507 4261 haeresis

775 4288 887 4350 veniat.

221 4405 426 4473 Venerabilis
457 4412 490 4472 et
520 4407 647 4490 egregie
675 4405 800 4473 domine
831 4412 864 4470 et
896 4412 985 4489 pater
1016 4403 1173 4488 religiose.
1206 4405 1345 4470 Litteras
1381 4410 1506 4470 vestrae

159 4493 373 4560 venerationis
395 4513 453 4576 per
475 4494 628 4559 discretos
650 4493 841 4574 presbiteros
857 4493 1061 4575 Stephanum,
1076 4497 1233 4557 rectorem
1250 4491 1360 4557 altaris
1376 4496 1504 4557 sanctae

160 4579 330 4649 Trinitatis
353 4581 386 4645 in
408 4579 541 4648 ecclesia
570 4585 687 4664 nostra,
714 4587 747 4646 et
769 4578 922 4659 Blasium,
955 4578 1124 4663 plebanum
1148 4579 1188 4645 de
1212 4579 1298 4661 lgen,
1323 4577 1504 4661 capellanos
