3428 5256
223 257 287 320 254

692 457 810 525 MLXI.
837 457 928 541 1463,
952 457 1109 528 venetiis.

223 579 412 667 Respublica
441 577 641 647 ertiaram
664 582 708 648 aot
729 583 950 666 imperatorem
971 579 1189 648 Romanorum
1209 579 1320 648 scribit
1338 579 1377 646 da
1391 579 1577 646 calamitate

222 668 314 756 repat
353 666 474 748 Rome,
512 667 609 751 doque
641 688 789 754 suprema
825 669 1007 735 meracitate
1044 672 1110 734 tam
1143 668 1311 736 immanem
1343 666 1462 734 hosam
1496 665 1577 732 hello

597 755 765 822 adoriendi
787 763 815 822 ct
837 777 876 821 ca
897 755 1029 842 Europa
1047 755 1198 841 pellendi.

289 875 499 944 Serenbsimo
512 875 639 944 domino
650 877 845 961 imperatori.
858 877 1001 946 Litterae
1012 877 1236 962 imperatoriae
1248 876 1426 944 maiestatis
1436 878 1576 960 restrae,

224 963 340 1047 quibus
360 963 544 1032 humaniter
566 963 783 1048 superioribus
804 963 1017 1048 respondetur
1037 966 1165 1050 nostris,
1189 965 1229 1032 ad
1252 982 1310 1032 nos
1325 961 1470 1049 perlatae
1486 967 1575 1030 sunt

224 1051 350 1132 Omnia,
384 1069 467 1133 quae
498 1049 576 1136 ipsis
605 1051 747 1135 graviter
776 1056 810 1117 et
831 1052 942 1118 ordine
965 1052 1176 1138 continentur,
1210 1056 1357 1120 accurate
1380 1050 1575 1132 accepimns.

223 1136 384 1219 Dolorem,
408 1155 501 1219 quem
523 1138 676 1206 maiestas
697 1144 806 1206 uestra
827 1139 933 1206 ammo
955 1139 1136 1222 concepisse
1159 1139 1288 1205 uidetur
1320 1137 1360 1206 ob
1382 1135 1574 1204 molestissi-

223 1243 310 1292 mum
332 1229 365 1292 st
385 1223 560 1294 minuetum
581 1225 726 1292 nuntium
749 1224 940 1294 calamitatis
961 1226 1052 1308 regni
1074 1225 1215 1310 stragis
1230 1225 1372 1307 Bossine,
1395 1241 1454 1292 noa
1476 1220 1573 1290 troile

224 1311 430 1396 agnoscimus.
461 1311 541 1391 Quis
570 1312 654 1379 euim
685 1313 856 1380 christiano
888 1312 1072 1380 charactere
1101 1311 1272 1395 insignitus
1302 1330 1365 1380 uon
1395 1331 1437 1378 ax
1468 1309 1575 1378 auimo

223 1397 354 1465 doleat?
375 1398 448 1481 quis
470 1404 651 1482 temperare
665 1397 814 1484 lacrymis
826 1399 937 1484 possit,
953 1400 981 1466 si
996 1399 1103 1466 videat
1117 1399 1307 1467 christianos
1322 1397 1440 1484 partim
1461 1397 1577 1465 imma·

223 1485 309 1552 niter
330 1505 350 1553 a
371 1486 518 1553 barbaris
547 1486 710 1568 trucidari,
740 1487 857 1569 partim
888 1487 920 1552 in
949 1486 1135 1553 servitutem
1157 1485 1316 1553 fedissime
1338 1484 1433 1567 uehi,
1457 1487 1492 1550 et
1513 1503 1573 1568 pro

223 1571 326 1642 hostis
346 1571 553 1654 impurissimi
581 1571 712 1640 libidine
743 1573 963 1658 indignissima
993 1591 1118 1655 queque
1139 1573 1232 1658 pati?
1256 1577 1346 1639 tauto
1367 1589 1444 1639 sero
1465 1572 1575 1639 acrius

224 1677 369 1726 cesarem
388 1658 549 1727 maiestati
564 1659 623 1727 hec
637 1661 824 1728 admordere
838 1661 978 1727 animum
996 1660 1277 1741 vehementiusque
1291 1660 1419 1741 pulsare
1441 1657 1574 1739 debent,

224 1751 343 1829 quanto
364 1745 486 1814 maiore
507 1745 754 1830 sublimiorequs
776 1745 983 1831 amplitudine
1006 1745 1133 1814 excellit
1154 1751 1188 1812 et
1208 1750 1360 1830 praestat

290 1851 365 1930 Nos,
396 1850 599 1952 serenissime
628 1851 808 1953 imperator,
838 1851 998 1953 plerisque
1028 1850 1226 1918 documentis
1256 1855 1289 1917 et
1319 1849 1442 1952 inditiis
1463 1866 1574 1949 rerum

151 2067 153 2072 .
225 1936 1576 2124 tritri?,tttmntttittnttrhiltrateschiricha

226 2117 260 2180 st
281 2110 474 2196 exploratius
497 2129 566 2178 esse
588 2112 702 2195 potuit,
727 2117 763 2178 ut
784 2111 874 2180 nulls
895 2113 1018 2179 ratione
1041 2109 1178 2195 amplius
1204 2117 1289 2179 esset
1310 2111 1400 2178 nobrs
1423 2111 1575 2178 drssrmu-

226 2198 355 2268 landum
378 2202 412 2263 et
432 2203 559 2279 tempus
580 2195 706 2282 longius
727 2199 977 2283 protrahendum
998 2199 1067 2266 sine
1091 2199 1212 2282 ingenti
1232 2197 1375 2283 periculo
1398 2215 1462 2265 non
1477 2197 1574 2264 modo

226 2303 333 2353 rerum
356 2288 545 2368 nostrarum,
568 2303 678 2352 verum
702 2302 827 2368 quoque
848 2283 1044 2369 reliquorum
1067 2286 1321 2354 ambianorum.

292 2389 355 2454 Tot
375 2388 475 2472 igitur
496 2387 630 2472 insidiis,
664 2393 755 2457 tanta
788 2390 967 2458 dominandi
1000 2389 1176 2474 cupiditate
1209 2387 1451 2458 insolentissimi
1473 2385 1577 2456 hostis

227 2473 354 2559 impulsi
384 2480 416 2543 et
437 2476 609 2560 provocati,
637 2475 744 2542 muno
773 2474 890 2543 auxilio
920 2477 972 2561 pis
1006 2483 1039 2542 et
1061 2475 1225 2544 humiliter
1246 2474 1428 2560 implorato,
1452 2473 1577 2542 nornis

226 2562 348 2630 uiribus
363 2612 371 2628 .
389 2611 421 2628 ..
446 2561 605 2646 (classem)
622 2612 629 2627 .
646 2612 680 2629 ..
702 2587 743 2630 xa
764 2562 949 2630 triremibus
971 2568 1004 2630 et
1025 2564 1186 2647 plerisque
1212 2561 1284 2632 aliis
1307 2561 1464 2629 onerariis
1488 2561 1578 2628 nari·

226 2649 287 2716 bus
308 2649 394 2716 omni
415 2649 742 2718 machinamentorum
773 2669 888 2733 genere
917 2650 1106 2718 instructam
1138 2655 1234 2733 atque
1264 2655 1409 2718 ornatam
1436 2667 1575 2732 appara·

226 2735 347 2816 vimus3
369 2735 546 2820 peditatum
560 2735 644 2816 item
667 2741 700 2802 et
723 2737 900 2819 equitatum
922 2736 1128 2804 instruximus
1151 2741 1184 2804 et
1198 2743 1373 2820 apparatus
1386 2736 1446 2802 bos
1462 2753 1576 2802 omnes

227 2841 266 2891 ac
287 2822 392 2907 copias
414 2823 455 2890 ad
477 2821 587 2890 littora
609 2821 743 2892 finitima
772 2823 883 2904 hostis,
914 2821 1074 2891 salrmore
1096 2828 1204 2890 uostm
1226 2823 1306 2890 Jesu
1328 2821 1458 2890 Christo
1482 2821 1575 2899 duca,

227 2908 408 2990 direximus,
431 2914 467 2977 ut
489 2927 552 2994 qna
573 2910 774 2994 potissimum
802 2929 855 2976 res
883 2909 1016 2978 hostiles
1045 2909 1162 2978 offendi
1184 2929 1277 2994 posse
1309 2913 1405 2993 atque
1433 2907 1577 2992 cogitata

227 2995 356 3064 barbari
378 2996 512 3064 distrahi
542 3001 575 3062 et
597 2997 718 3064 turbari
748 2996 1032 3064 animadverterint
1073 3017 1110 3063 eo
1133 3015 1231 3081 prope
1252 3001 1323 3064 rato
1345 3015 1385 3064 ex
1407 2996 1577 3064 occasione

228 3099 317 3150 arma
338 3081 475 3150 inferant
497 3087 530 3150 et
552 3082 668 3150 molem
699 3081 776 3150 belli
807 3083 990 3168 importent.
1022 3049 1187 3151 &redimus
1220 3087 1314 3168 opem
1336 3083 1478 3151 diuinam
1501 3083 1578 3149 hnic

226 3170 400 3238 iustissime
422 3189 516 3237 cause
538 3169 719 3238 affuturam.
743 3169 815 3236 Non
834 3171 1025 3253 dubitamus,
1041 3169 1221 3252 pontificem
1236 3169 1419 3252 maximum,
1435 3186 1495 3254 pru
1510 3169 1578 3252 pie·

227 3261 294 3324 tate
317 3275 375 3324 sua
396 3275 515 3340 proque
537 3261 669 3340 paterne
691 3262 724 3323 et
746 3256 915 3340 pastoralis
937 3277 1012 3326 cure
1034 3262 1068 3324 et
1082 3256 1305 3325 sollicitudinis
1320 3275 1462 3342 munere,
1477 3257 1576 3324 rebus

228 3343 373 3412 omnibus
395 3342 629 3426 sapientissime
659 3347 910 3426 prospecturum.
941 3343 1112 3430 Speremus
1134 3349 1303 3429 propterea
1328 3341 1472 3426 reliquos
1495 3343 1579 3410 cbri-

227 3431 349 3498 stisnos
370 3449 465 3513 reges
487 3435 519 3496 et
541 3430 701 3514 principes
723 3435 756 3497 et
777 3431 927 3516 precipue
949 3450 1111 3500 cesaream
1133 3433 1333 3500 maiestatem
1355 3436 1497 3498 stanam
1520 3449 1575 3498 ne·

227 3517 352 3600 gotium
372 3517 432 3583 hoc
452 3515 527 3584 fidei
548 3521 582 3582 et
604 3535 732 3584 causam
754 3515 914 3600 publicam
935 3537 1060 3585 summa
1082 3518 1227 3600 caritate,
1243 3535 1367 3586 summa
1381 3535 1468 3598 curs,
1490 3516 1579 3584 omni

229 3602 395 3671 celeritate
417 3607 450 3669 et
472 3604 576 3670 studio
598 3610 825 3687 suscepturam.
848 3603 895 3670 Ut
916 3605 1043 3672 tandem
1058 3605 1305 3674 christianorum
1320 3605 1438 3672 coecus
1453 3604 1579 3672 uiribus

228 3691 337 3757 hostes
358 3689 576 3756 immanissimi
601 3696 633 3756 et
654 3691 783 3758 barbari
806 3690 1076 3778 truculentissimi,
1099 3692 1274 3759 valitudine
1290 3691 1430 3774 undique
1446 3689 1578 3775 irretiti,

230 3776 313 3844 sicut
334 3777 483 3844 diuturne
504 3773 672 3844 insolentie
702 3795 800 3860 penas
830 3779 917 3860 dent,
947 3784 981 3845 et
1002 3778 1103 3862 fugati
1126 3777 1252 3860 fusique
1274 3779 1406 3860 Europa
1428 3776 1581 3862 (pellan-

228 3868 291 3930 tur.
315 3863 381 3930 Noa
402 3881 460 3946 pro
482 3861 567 3928 virili
582 3869 673 3946 parts
687 3865 782 3931 rebus
798 3865 943 3932 omnibus
957 3883 1119 3948 uunquam
1134 3866 1303 3952 deerimus,
1320 3863 1463 3948 quinimo
1480 3867 1579 3932 maio-

229 3967 302 4017 rum
323 3955 503 4016 nostrorum
526 3949 626 4016 secuti
648 3951 783 4034 vestigia
806 3951 976 4020 christiane
998 3951 1163 4036 religionis
1177 3952 1362 4022 libertatem
1380 3971 1439 4037 pro
1454 3951 1579 4022 uiribus

230 4036 388 4104 constanti
409 4034 573 4104 voluntate
595 4041 628 4104 et
649 4055 770 4104 summo
792 4039 953 4107 tuebimur
973 4041 1091 4107 studio.

283 4154 413 4213 Tabular.
431 4155 548 4212 usticam
565 4154 627 4213 cod.
645 4173 712 4213 mss.
731 4157 907 4230 politicorum
924 4159 1046 4229 XOVH,
1064 4161 1113 4218 fol.
1131 4161 1155 4216 1.

616 4329 749 4398 MLXII.
775 4331 866 4412 1463,
890 4332 909 4402 3
933 4333 1028 4419 lulil,
1051 4333 1184 4405 Tibure.

297 4451 373 4520 Pius
394 4451 458 4518 ΡΡ.
481 4450 520 4517 Π.
544 4451 803 4521 reformatoribus
821 4455 982 4523 Bononiae
996 4457 1123 4524 nunciat
1137 4475 1209 4524 cum
1224 4455 1352 4524 dolore:
1374 4454 1580 4524 Maumetbea

233 4538 408 4606 Tuscorum
423 4587 432 4605 .
448 4585 483 4608 ..
509 4540 696 4622 ,novhsime
724 4540 829 4610 Bosne
850 4561 984 4626 reguum
1012 4543 1188 4628 occupavit,
1210 4549 1244 4612 et
1266 4548 1360 4630 capto
1381 4561 1470 4629 rege,
1495 4545 1581 4629 quod

233 4623 406 4709 lugendum
428 4630 487 4713 est,
509 4624 644 4696 ulterius
665 4627 803 4713 impetus
824 4630 874 4698 sui
896 4635 1026 4699 conatus
1048 4631 1200 4718 extendit,
1227 4631 1450 4717 superatisque
1473 4631 1581 4700 Boane
