3410 5258
220 233 283 294 300

221 439 399 505 sanctiones
422 438 541 504 ordinis
572 442 690 520 nostri3
723 442 784 506 iste
814 458 949 522 namque
972 440 1071 507 frater
1093 439 1206 507 Petrus
1232 441 1273 506 ad
1296 455 1347 504 me
1370 439 1458 505 venit
1481 455 1568 504 com-

221 524 307 608 pleto
330 524 470 606 generali
494 527 633 608 capitulo
663 526 765 593 molta
787 547 920 593 narrans
942 529 981 594 de
1001 527 1210 610 perplexitate
1232 525 1319 592 illius
1342 525 1470 593 vicarie.
1496 523 1568 601 (lui,

220 630 330 678 verum
353 617 411 691 est,
435 613 517 692 quod
547 614 620 679 dedi
651 615 747 682 etiam
776 614 911 694 litteras,
935 633 1060 696 semper
1090 619 1196 679 tamen
1225 631 1348 679 mecum
1370 611 1514 679 reterens
1537 611 1569 676 si

221 698 267 764 sic
289 703 367 776 erat,
391 703 427 762 ut
450 699 526 764 mihi
549 702 732 782 exponebat.
756 701 858 784 Igitur
879 719 970 784 nunc,
995 700 1079 782 quod
1104 700 1131 766 si
1153 701 1198 767 sic
1213 705 1271 780 est,
1292 703 1329 766 ut
1343 699 1466 778 scribis,
1482 697 1569 772 volo,

222 785 305 867 quod
328 786 430 868 possis
453 791 563 852 contra
585 805 657 852 eum
687 807 835 854 exercere
867 786 1004 854 officium
1027 793 1118 853 tuum
1141 793 1173 854 et
1196 806 1268 853 eum
1291 787 1412 869 punire,
1440 785 1571 867 siquid

222 873 399 955 privatione
430 872 558 952 dignum
590 875 701 958 egerit,
733 876 838 955 sitque
869 873 975 941 valida
1005 875 1141 958 privatio
1171 892 1229 955 per
1259 877 1293 938 te
1324 877 1434 940 contra
1460 872 1570 955 ipsum

223 959 308 1025 facta
330 961 369 1024 do
392 960 533 1041 predicta
563 961 715 1041 custodia,
745 980 807 1026 noo
837 961 982 1027 obstante
1004 960 1128 1044 prefata
1150 979 1222 1028 mea
1243 959 1353 1028 littora
1374 960 1476 1026 eidem
1500 963 1570 1026 tra-

223 1045 301 1112 dita.
325 1045 455 1126 Semper
476 1047 503 1112 si
526 1047 571 1113 sic
594 1053 651 1128 ost,
675 1053 711 1113 ut
733 1068 752 1114 a
775 1053 807 1113 te
829 1067 899 1113 sum
921 1047 1115 1114 informatus.

195 1156 199 1162 *
288 1133 442 1199 Attendas
464 1132 668 1200 nihilominus
691 1135 796 1200 omnia
823 1152 894 1201 oum
924 1135 1108 1202 maturitate
1131 1151 1284 1218 peragere
1308 1138 1341 1199 et
1362 1132 1390 1199 si
1413 1132 1477 1200 alia
1499 1133 1569 1216 pri-

224 1220 308 1284 vatio
339 1225 468 1302 propter
501 1223 644 1302 predicta
678 1221 707 1286 ei
738 1221 835 1288 fuerit
869 1222 1067 1305 imponenda,
1099 1220 1170 1287 volo
1202 1221 1287 1301 quod
1316 1217 1445 1286 differas
1475 1217 1571 1284 illam

224 1309 386 1388 usquead
416 1324 551 1387 sequens
577 1313 747 1373 venturum
776 1307 925 1376 vicariale
953 1307 1137 1391 capitulum,
1168 1312 1200 1374 et
1230 1312 1306 1374 tunc
1334 1325 1405 1372 cum
1432 1303 1578 1372 oonsiliov

226 1392 356 1474 capituli
378 1393 521 1476 privatur
544 1394 728 1478 (privetur).

290 1499 441 1563 Preterea
469 1499 578 1580 vigore
609 1497 743 1564 aliarum
773 1505 901 1564 tuarum
932 1499 1057 1580 percepi
1096 1496 1187 1563 illum
1209 1496 1340 1564 fratrem
1365 1495 1572 1562 Franciscnm

227 1582 383 1649 Slatarich
406 1590 582 1665 apostatam
605 1586 793 1666 impetrasse
825 1586 994 1666 quamdam
1015 1551 1146 1664 bullam,
1174 1595 1211 1648 ut
1234 1589 1319 1650 esset
1340 1584 1477 1648 vicarius
1499 1581 1573 1648 uni-

226 1689 316 1736 verse
338 1671 499 1752 provincie
522 1671 625 1736 Boane
647 1673 706 1736 sub
730 1672 851 1754 Turdis,
875 1673 998 1754 dequo
1021 1671 1112 1737 valdo
1135 1669 1240 1746 doles;
1265 1677 1298 1736 et
1320 1688 1376 1750 pro
1392 1673 1574 1751 opportuno

227 1757 367 1822 remedio
390 1757 492 1823 scribo
515 1758 730 1824 commissario
754 1759 850 1838 curie,
867 1760 951 1840 quod
966 1757 1044 1823 velit
1059 1757 1118 1823 tibi
1134 1762 1166 1822 et
1180 1756 1332 1822 fratribus
1347 1755 1420 1834 tuis,
1437 1756 1575 1820 Romam

229 1851 357 1925 propter
379 1843 437 1908 hoo
459 1863 478 1909 a
500 1849 533 1909 to
555 1845 726 1912 mittendis.
751 1863 843 1911 omne
866 1845 1057 1911 adiutorium
1080 1844 1262 1926 impendere
1285 1848 1318 1908 ot
1332 1842 1471 1908 viriliter
1486 1847 1573 1908 sata-

227 1949 310 2013 gere,
335 1933 372 1994 ut
394 1929 574 1996 obtineatur
596 1932 754 1997 revocatio
777 1932 877 2015 ipsius
900 1929 995 1998 bulla.
1018 1931 1068 1996 Ex
1091 1949 1153 2012 quo
1175 1931 1295 2012 potoris
1310 1929 1438 1994 mittere
1452 1927 1573 1994 iratres

230 2025 301 2081 tuos
324 2016 363 2082 ad
387 2035 468 2098 enm,
501 2017 555 2098 qui
583 2017 686 2100 ipsum
719 2017 758 2083 ad
788 2017 917 2100 plenum
949 2017 990 2084 de
1019 2019 1080 2084 hac
1109 2037 1143 2083 re
1173 2016 1352 2096 informent,
1376 2019 1421 2097 ut,
1446 2014 1576 2081 domino

229 2104 427 2186 concedente,
452 2107 667 2186 compescatur
689 2104 819 2170 audacia
844 2105 944 2186 ipsius
967 2110 1120 2186 apostata.

292 2207 341 2272 De
363 2209 499 2273 adventu
522 2226 591 2273 meo
614 2208 654 2274 ad
677 2227 733 2272 vos
755 2209 929 2274 visitandos
951 2227 1034 2274 nunc
1056 2213 1105 2273 est
1128 2206 1333 2292 impossibile,
1356 2211 1465 2272 tamen
1489 2203 1577 2272 altis·

229 2294 308 2358 simo
330 2293 466 2368 favente,
490 2295 620 2360 intendo
641 2294 771 2362 visitare
793 2295 985 2377 provinciam
1007 2293 1187 2360 Dalmatiae
1202 2299 1345 2377 tempore
1367 2310 1436 2371 suo,
1454 2295 1487 2358 et
1503 2297 1580 2357 tunc

229 2380 356 2461 aliquod
381 2380 494 2445 bonum
518 2381 690 2446 remedium
713 2382 796 2446 dabo
818 2401 875 2462 pro
898 2379 1112 2448 consolatione
1136 2386 1251 2445 vestra.

231 2552 245 2617 s
267 2553 273 2566 ι
294 2466 476 2616 ῌιέιίιιὶιιιι,
499 2465 570 2533 vale
593 2473 625 2533 et
647 2485 703 2532 ora
726 2468 828 2534 Deum
850 2487 907 2550 pro
930 2487 989 2546 me,
1006 2467 1081 2550 quia
1097 2467 1128 2531 in
1145 2467 1373 2551 presentiarum
1391 2462 1577 2546 aliqualiter

244 2572 328 2617 mm
354 2571 448 2618 rmus.

295 2655 342 2720 Ex
365 2657 434 2722 loco
456 2659 564 2721 nostro
595 2675 618 2721 s.
649 2657 750 2723 Mario
779 2658 819 2723 de
841 2657 920 2723 Jesu
942 2676 1039 2740 prope
1055 2656 1242 2736 Messanam,
1266 2656 1428 2738 provincie
1454 2652 1577 2732 Sicilie,

231 2742 281 2806 die
307 2748 344 2806 15
369 2741 562 2824 Septembris
589 2746 679 2808 1487.
703 2743 754 2810 Fr.
779 2744 940 2810 lohannes
963 2745 1003 2810 de
1027 2743 1177 2827 Sigestro,
1201 2743 1338 2811 vicarius
1361 2739 1535 2824 generalis.

300 2846 439 2930 „Littera
469 2847 799 2914 recommendationis.
815 2848 906 2914 tratri
934 2847 1053 2916 Jacobo
1084 2849 1123 2913 de
1146 2847 1264 2914 vicaria
1288 2846 1391 2912 Boane
1414 2844 1577 2913 sacerdoti

232 2937 264 2998 et
288 2933 371 2998 socio
396 2952 453 3014 per
474 2933 543 3000 loca
566 2934 655 3015 (data
676 2936 739 3019 est)
762 2935 871 3001 eadem
893 2935 946 3002 die
968 2940 1004 3001 ut
1026 2933 1151 3016 supra“.

298 3051 428 3107 Tabular.
446 3053 562 3108 vatican.
581 3053 641 3108 ood.
661 3071 726 3110 mss.
746 3072 844 3110 armar.
863 3057 880 3110 2
898 3073 937 3110 nr.
957 3055 1056 3111 23f01.
1075 3055 1222 3111 ras-124.

535 3245 856 3330 astrinxisti,
881 3245 922 3316 27
946 3245 1102 3332 octobris,
1126 3243 1276 3330 [tagusii.

254 3452 260 3466 ι
287 3365 460 3468 ,111ιι11ιιιιθ
484 3367 545 3432 dux
568 3387 593 3432 s.
619 3367 730 3468 Sabae,
754 3368 881 3448 latetur,
905 3369 1066 3435 semodio
1089 3367 1196 3435 Ivanis
1220 3363 1416 3433 Obmudevit
1439 3383 1460 3430 a
1479 3363 1583 3446 Rauol-

236 3470 313 3518 srnrs
336 3469 544 3533 provisionem
568 3472 753 3535 pereeprsse.

288 3572 337 3626 Dr.
355 3572 391 3626 F.
410 3573 549 3628 historic.-
568 3573 692 3629 Monum.
712 3573 816 3629 Serbic.
835 3592 862 3644 p.
880 3575 940 3630 537.

556 3764 740 3831 MOLXXX.
769 3764 860 3845 1488,
888 3765 925 3833 18
949 3764 1084 3852 Aprllls
1108 3762 1257 3850 hagusll.

303 3883 440 3950 Thomas
463 3883 566 3952 Elinid
595 3892 732 3954 testatur
762 3907 795 3952 se
827 3889 985 3971 accepisse
1016 3909 1036 3954 a
1066 3889 1180 3952 comite
1211 3891 1243 3951 et
1267 3885 1427 3951 nobilibus
1452 3882 1584 3967 Ragusii

238 3971 447 4051 quadraginta
471 3973 670 4058 hyperperos,
693 3974 903 4056 provisionem
936 3961 1038 4042 Zarko
1061 3979 1094 4040 et
1116 3972 1281 4039 Thaddaci
1303 3969 1486 4039 Vlatkovit.

302 4088 351 4144 Dr.
370 4091 417 4143 Fr.
437 4091 583 4146 Milrlodid:
601 4092 725 4166 Monam
749 4093 819 4149 serb.
839 4112 866 4165 p.
882 4095 942 4150 538.

548 4282 749 4350 MOLXXXI.
777 4283 867 4366 1488,
894 4285 933 4354 18
957 4285 1091 4374 Aprilis,
1116 4283 1267 4368 sagusn.

305 4403 501 4486 Augustinus
528 4405 694 4473 Vlatkovid
726 4405 903 4474 Chlmensis
925 4407 1053 4488 latetur,
1077 4428 1112 4476 se
1135 4427 1155 4474 a
1177 4404 1348 4487 Ragusinis
1372 4402 1586 4486 provisionem

242 4495 305 4556 200
329 4492 459 4574 hyperp.
483 4492 669 4574 percepisse.

304 4614 353 4668 Dr.
372 4617 420 4669 Fr.
439 4612 580 4668 nestoris:
599 4610 724 4666 Monmn.
744 4612 857 4682 sarbiae,
876 4631 902 4684 p.
921 4613 981 4669 537.
