3406 5262
1404 289 1463 354 155

182 491 245 561 llis
267 512 351 577 quae
372 514 430 578 per
451 512 599 562 romanos
621 494 786 580 pontifices
818 489 1077 580 praedecessores
1098 499 1222 562 nostros
1244 495 1374 579 provide
1395 512 1466 562 con·

115 598 207 648 cessa
230 587 314 656 sunt,
338 599 410 649 cum
432 601 452 649 a
475 582 565 650 nobis
587 582 716 667 petitur,
740 582 878 650 libenter
903 583 1067 666 adiicimus
1089 581 1189 649 nostri
1211 581 1393 648 muniminis
1414 580 1466 648 lir-

115 668 272 736 mitatem.
298 667 380 734 Cum
407 669 516 752 itaque
548 668 631 736 sicut
659 669 800 736 exhibita
828 668 920 736 nobis
942 688 1042 752 nuper
1063 688 1121 752 pro
1143 674 1234 753 parte
1256 673 1362 734 vestra
1384 669 1465 752 peti-

115 755 213 822 tionis
246 756 348 822 series
381 755 584 838 confluebat,
617 756 701 838 quod
737 757 905 824 remeantis
935 757 1130 838 temporibus
1165 753 1306 822 nonnulli
1342 755 1465 822 romani

113 841 296 926 pontifices,
329 841 588 924 praedecessores
619 843 728 922 noemi,
761 841 830 910 selo
860 842 1023 926 religionis
1053 849 1085 909 et
1115 841 1189 910 fidei
1210 842 1339 919 inducti,
1362 846 1466 908 cenas

114 929 246 1012 matins,
269 927 397 996 indulta
425 933 459 996 et
491 927 659 1012 privilegia
690 929 780 996 vobis
801 929 1021 1011 manauerint,
1043 949 1102 1014 pro
1124 934 1215 1014 parte
1237 933 1345 996 vestra
1374 928 1465 996 nobis

114 1013 178 1082 fuit
200 1014 363 1082 humiliter
395 1013 616 1100 supplicatum,
649 1019 686 1082 ut
716 1015 892 1100 privilegia,
923 1016 1044 1100 gratias
1074 1019 1108 1083 et
1137 1013 1261 1083 indulta
1283 1015 1463 1082 huiusmodi

117 1107 150 1167 et
173 1107 322 1170 contenda
343 1102 376 1167 in
399 1102 519 1169 eisdem
541 1120 599 1184 pro
621 1120 728 1168 eorum
751 1103 956 1170 subsistantia
971 1101 1101 1170 firmiori
1124 1103 1163 1169 de
1179 1101 1374 1184 benignitate
1389 1121 1464 1184 apo·

116 1186 233 1255 stolica
255 1187 441 1255 confirmare
474 1189 686 1271 dignaremur.
718 1187 786 1254 Nos
818 1189 917 1272 igitur
938 1187 1036 1254 simili
1057 1187 1222 1270 religionis
1243 1195 1276 1254 et
1298 1187 1373 1254 fidei
1395 1188 1464 1254 zelo

115 1276 289 1358 provocati,
313 1276 419 1342 omnia
449 1280 482 1342 st
510 1274 647 1357 singula,
678 1275 808 1360 mnas,
831 1275 955 1342 indulta
976 1280 1010 1342 et
1031 1274 1197 1358 privilegia
1220 1273 1409 1358 huiusmodi,
1434 1280 1467 1342 et

117 1365 269 1427 contenta
290 1361 323 1426 in
346 1362 477 1443 eisdem,
500 1379 635 1444 quorum
658 1362 797 1428 omnium
820 1366 946 1428 tenores
960 1361 1180 1445 praesentibus
1194 1361 1307 1428 haberi
1322 1360 1466 1428 volumus

116 1467 176 1530 pro
200 1447 393 1514 sufficienter
424 1448 591 1530 expressis,
623 1454 656 1515 et
687 1447 832 1530 specifice
860 1447 1039 1527 declaratis,
1063 1453 1157 1532 prout
1178 1447 1307 1533 provide
1329 1453 1362 1514 et
1380 1449 1466 1531 juste

117 1553 270 1602 concessa
292 1539 375 1614 sunt,
400 1536 590 1602 aucwritate
611 1535 836 1620 praesentium,
859 1536 972 1602 harum
987 1535 1070 1603 serie
1085 1533 1315 1619 confirmamus,
1331 1539 1465 1618 etprae-

117 1623 222 1688 sentis
243 1621 354 1704 scripti
376 1622 552 1706 patrocinio
574 1621 810 1690 communimus.

184 1706 278 1774 Nulli
300 1726 377 1790 ergo
399 1709 506 1775 omino
527 1709 690 1774 hominum
705 1708 800 1776 bceat
814 1708 897 1776 hanc
911 1707 1060 1793 paginam
1078 1713 1205 1775 nostrae
1220 1705 1466 1775 confirmationis

116 1799 151 1860 et
181 1795 439 1862 communitionis
467 1795 650 1880 infringere,
682 1795 733 1862 vel
765 1797 793 1860 ei
824 1815 903 1863 ausu
933 1795 1102 1862 temerario
1132 1795 1298 1862 contraire.
1332 1794 1365 1860 Si
1396 1795 1467 1878 quis

118 1885 227 1947 autern
259 1881 321 1949 hoc
353 1886 511 1949 attentare
542 1881 799 1966 praesumpserit,
830 1881 1079 1966 indignationem
1105 1883 1330 1966 omnipotentis
1351 1881 1412 1948 Dei
1435 1887 1468 1946 11

116 1967 285 2034 beatorum
312 1970 396 2036 Petri
421 1975 454 2035 et
475 1967 568 2036 Pauli
590 1967 805 2050 apostolorum
828 1970 897 2051 ejus
919 1987 954 2034 se
970 1969 1093 2034 noverit
1114 1969 1324 2034 incursurum.
1347 1969 1467 2034 Datum

118 2053 282 2121 Bononiae
313 2073 396 2122 anno
416 2055 643 2122 iucarnationis
674 2054 828 2122 dominice
850 2053 1019 2121 millesimo
1042 2055 1352 2137 quadringentesimo
1375 2056 1466 2122 trice-

117 2142 202 2207 simo
230 2145 331 2222 sexto,
362 2147 473 2210 octavo
503 2140 659 2208 kalendas
682 2141 896 2222 Semtembris,
915 2141 1117 2225 pontificatus
1139 2141 1239 2207 nostri
1261 2160 1343 2208 anuo
1365 2147 1465 2208 sexto.

171 2243 217 2298 Ex
236 2243 365 2314 originali
381 2245 410 2298 in
429 2245 547 2300 ranular.
567 2261 643 2316 prov.
663 2260 699 2300 ss.
718 2243 870 2300 Salvatoris
888 2244 956 2299 fratr
982 2244 1080 2299 minor.
1100 2243 1305 2314 Gydngytisien.

427 2417 607 2484 DGOXLV.
634 2417 791 2502 1431121
815 2419 969 2505 Augusti,
991 2417 1166 2488 Bononiae.

120 2539 215 2623 Papa
248 2537 409 2626 Euspeniua
439 2539 463 2606 1
467 2539 498 2604 V
515 2543 635 2620 annuit,
667 2545 702 2606 ut
732 2541 838 2608 elerici
870 2544 904 2606 in
926 2542 1082 2606 vicariatu
1108 2539 1240 2605 Barnea.
1264 2541 1299 2604 in
1322 2541 1467 2624 vigesimo

118 2627 256 2694 seeundo
279 2630 392 2692 uctotia
425 2648 508 2694 anno
542 2650 563 2694 a
596 2649 777 2713 quocunque
810 2630 950 2713 episeopo
983 2627 1131 2694 oatboiioo
1154 2627 1197 2692 od
1226 2646 1352 2691 socrum
1381 2646 1469 2710 pres·

464 2715 625 2798 bpteratua
647 2717 788 2780 ordinem
809 2716 984 2799 memorari
1003 2715 1136 2800 possint.

186 2835 353 2918 Eugenius
375 2834 542 2920 episcopus
564 2855 675 2904 servus
697 2855 859 2903 servorum
881 2837 951 2902 Dei.
976 2833 1107 2903 Dilectis
1128 2833 1203 2900 filiis
1218 2833 1336 2901 vicario
1358 2839 1390 2899 et
1405 2834 1470 2900 ira-

123 2923 228 2990 tribus
258 2922 381 2989 ordinis
412 2921 569 2989 minorum
600 2924 660 2990 sub
693 2924 846 2991 vicariatu
880 2923 1003 2990 Boenae
1035 2923 1208 2989 secundum
1241 2937 1361 2988 morem
1393 2921 1470 2986 dicti

121 3009 245 3076 ordinis
282 3009 461 3075 consistatis
493 3007 629 3076 salutem
661 3015 695 3076 et
724 3008 930 3094 apostolicam
952 3008 1212 3076 benedictionem.
1237 3007 1303 3073 Piis
1330 3006 1471 3073 fidelium

120 3098 216 3176 votis,
240 3101 275 3162 et
298 3114 407 3162 eorum
427 3096 626 3178 praesertim,
650 3116 728 3180 quos
749 3096 913 3179 religionis
935 3095 1032 3182 zelus,
1055 3099 1088 3162 et
1102 3096 1187 3162 vitae
1201 3094 1368 3178 integritas
1387 3111 1468 3160 com·

121 3184 287 3268 mendant,
309 3181 447 3249 libenter
468 3183 645 3262 annuimus,
668 3201 768 3266 eaque
792 3182 1011 3266 prosequimur
1033 3181 1194 3248 lavoribus
1216 3181 1387 3264 oportunis.
1408 3179 1471 3244 lis·

120 3269 228 3337 bibita
250 3268 406 3352 siquidem
436 3270 528 3336 nobis
556 3289 657 3354 nuper
686 3289 744 3354 pro
774 3275 865 3354 parte
895 3275 1001 3336 vestra
1030 3270 1142 3352 petitio
1172 3269 1362 3346 oondnebat,
1386 3265 1471 3349 quod

124 3375 194 3424 cum
229 3356 264 3422 in
297 3355 452 3424 vicariatu
485 3355 608 3423 Bosnae
641 3375 757 3440 magna
789 3354 1015 3424 catholicorum
1049 3357 1306 3440 presbyterorum
1339 3354 1472 3437 penuria

122 3444 249 3518 adstat,
274 3449 307 3507 et
329 3448 500 3526 propterea
521 3443 690 3510 missarum
712 3443 867 3511 solemnia
887 3444 1060 3510 secundum
1082 3443 1179 3509 ritum
1201 3459 1349 3507 romanae
1372 3439 1469 3507 eccle-

121 3531 189 3598 siae
213 3529 303 3596 iuxta
325 3529 517 3596 desiderium
540 3531 727 3597 devotarum
749 3535 782 3596 et
805 3529 1033 3596 catholicarum
1052 3545 1258 3612 personarum
1284 3527 1472 3608 frequenter

126 3616 293 3684 celebrare
315 3633 377 3681 non
400 3621 541 3699 pessunt,
566 3618 712 3700 quodque
734 3635 806 3684 cum
828 3615 966 3682 difficilis
989 3617 1029 3683 ab
1051 3615 1117 3682 illis
1135 3614 1278 3700 partibus
1301 3615 1342 3680 ad
1364 3613 1471 3679 sedem

126 3701 335 3787 apostolicam
358 3719 503 3769 accessus
525 3701 577 3784 sit,
610 3705 701 3770 nobis
723 3703 886 3770 humiliter
916 3702 1128 3786 supplicastis,
1151 3709 1187 3768 ut
1208 3701 1298 3768 vobis
1320 3699 1473 3766 iratribus

125 3790 203 3856 dicti
226 3788 348 3854 ordinis
369 3787 429 3856 sub
459 3788 543 3856 dicto
573 3791 728 3857 vicariatu
750 3788 967 3868 existentibus,
990 3789 1087 3857 etiam
1108 3789 1140 3853 in
1163 3787 1470 3854 vicesimosecundo

125 3895 200 3944 suae
222 3876 342 3944 aetatis
363 3893 446 3942 anno
473 3876 654 3944 constitutis
683 3876 843 3944 licentiam
863 3875 1044 3958 ¹concedere
1076 3874 1217 3958 possitis,
1240 3877 1276 3940 ut
1298 3873 1339 3940 ad
1361 3889 1471 3938 omnes

129 3964 222 4030 etiam
247 3979 356 4028 sacros
378 3961 505 4030 ordines
528 3963 704 4044 promoveri
726 3963 863 4042 valeant,
891 3963 931 4028 de
953 3963 1148 4045 benignitate
1170 3959 1344 4045 apostolica
1366 3957 1470 4025 indul-

126 4069 200 4134 gere
224 4049 438 4132 dignaremur.
463 4049 529 4115 Nos
551 4049 657 4132 igitur,
682 4053 736 4132 qui
758 4049 878 4116 cultum
900 4047 1041 4116 divinum
1064 4048 1180 4114 nosmis
1195 4045 1380 4130 praesertim
1394 4050 1472 4112 tem·

127 4136 256 4218 poribus
279 4135 389 4216 augeri
421 4135 649 4216 desideramus,
679 4137 860 4204 huiusmodi
889 4135 985 4202 stiam
1015 4133 1297 4220 supplicationibus
1327 4131 1472 4199 inclinati

127 4223 288 4290 licentiam
311 4223 502 4289 concedendi
525 4223 678 4290 iratribus
700 4221 878 4290 huiusmodi
901 4223 998 4288 etiarn
1020 4223 1052 4288 iu
1068 4223 1154 4289 dicta
1169 4226 1274 4289 aetate
1290 4219 1471 4287 constitutis

129 4310 204 4376 alias
226 4315 337 4375 tamen
358 4309 482 4376 idoneis
503 4310 697 4394 suscipiendi
719 4310 914 4393 temporibus
936 4329 956 4374 a
977 4309 1047 4376 iure
1069 4308 1233 4392 permissis
1255 4309 1351 4374 etiam
1365 4323 1473 4372 sacros

129 4397 253 4462 ordines
275 4415 295 4461 a
318 4413 507 4478 quocunqne
529 4397 671 4464 antistite
693 4397 829 4478 gratiam
846 4401 879 4462 et
901 4396 1152 4462 communionem
1173 4393 1258 4460 sedis
1280 4391 1472 4476 apostolicae

129 4483 161 4548 in
191 4483 387 4550 contrarium
422 4481 516 4549 editis
549 4501 612 4550 non
644 4483 844 4550 obstantibus
879 4482 1126 4565 quibuscunque,
1161 4481 1350 4547 auctoritate
1382 4479 1472 4546 vobis

129 4571 342 4652 praesentium
365 4568 576 4652 indulgemus.
600 4569 687 4635 Nvdli
712 4589 787 4646 ergo
802 4569 929 4636 omnino
944 4569 1105 4635 hominum
1122 4568 1215 4635 liceat
1230 4567 1311 4632 hanc
1325 4565 1472 4649 paginam

130 4661 255 4726 1111111
279 4655 492 4724 11111ιεὶ1111
520 4657 701 4740 infringere,
725 4655 777 4724 vel
807 4657 837 4723 ei
860 4675 940 4723 ausu
963 4655 1132 4724 temerario
1154 4652 1321 4722 1111111111.
1345 4651 1473 4733 Siquis
