3402 5258
1401 147 1486 212 ’375
1531 175 1543 190 “·

149 355 230 432 tore,
254 352 392 433 5551515,
414 349 577 436 capellano
591 355 659 419 otto
675 350 749 419 anni
764 355 783 418 5
800 349 1006 436 (1155151515)
1020 351 1210 421 5555151515
1231 351 1374 434 ilbaasa,
1390 353 1487 422 5155

150 437 236 506 volte
257 439 402 506 ministro
431 437 630 523 provinciale,
660 438 746 522 quob
776 437 870 505 officii
898 440 940 507 ba
969 437 1199 508 lodevolmente
1231 440 1398 508 coercitato
1429 459 1487 508 555

147 525 233 594 1555
256 526 410 608 eusampio
432 545 450 594 e
472 527 618 594 doctrina.
643 529 673 593 2.
689 526 729 592 Vi
751 529 769 593 1
786 526 810 592 il
824 524 886 592 Pre
900 525 950 593 fra
964 525 1073 594 1115515
1089 527 1283 608 Braicorich,
1301 529 1330 594 d’
1347 526 1487 594 5115551

149 619 202 692 50,
226 613 435 697 direligione
465 618 517 693 36,
548 613 754 695 predicatore,
783 613 827 680 ha
856 613 995 680 studiato
1027 613 1162 698 teolegio
1192 615 1226 681 in
1249 615 1375 694 Ferara,
1401 613 1487 683 nella

147 699 302 784 religione
324 704 343 767 5
363 705 447 767 stato
469 701 642 784 guardiano
675 719 692 766 5
715 697 886 767 delinitura.
911 705 939 768 3.
964 701 1007 768 Vi
1029 701 1058 768 si
1079 707 1170 768 5555
1191 701 1216 768 11
1240 703 1300 770 Pre
1324 701 1372 770 fra
1397 701 1487 770 Giro

146 786 234 854 lamo
255 787 485 872 Bogoslavicbi,
508 788 537 854 d'
549 791 601 854 511
623 788 698 856 5551
720 794 771 868 50,
794 787 828 853 di
849 785 1002 870 religione
1018 790 1193 873 55515155,
1212 789 1429 872 5551155155,
1445 789 1488 857 15

146 876 291 942 51511515
312 895 332 942 5
353 873 494 958 Bologna
527 873 611 942 55115
632 872 784 957 religione
807 877 825 940 1
848 877 932 941 51515
955 875 1127 958 55511555
1150 895 1168 942 5
1191 874 1375 943 diffinitore.
1397 877 1428 942 4.
1446 875 1488 942 Vi

147 966 166 1028 1
189 961 214 1028 11
238 963 299 1028 Pre
329 961 411 1029 frate
439 926 566 1029 andra
596 962 628 1028 di
658 960 886 1041 Cameugrado,
910 966 951 1027 45
975 961 1049 1028 5551
1071 963 1179 1042 d’eta,
1203 961 1235 1030 di
1258 962 1412 1046 religione
1435 968 1486 1046 25,

146 1049 357 1132 predicatore,
380 1050 422 1118 ba
443 1049 584 1116 studiato
605 1049 637 1114 in
660 1049 827 1132 Peruggia,
850 1046 934 1115 nella
955 1046 1109 1131 religione
1131 1053 1150 1117 1
1170 1055 1255 1116 stato
1271 1049 1486 1118 definitoreE

22 1161 23 1164 ¹
146 1137 227 1203 tutti
249 1137 353 1218 questi
375 1140 503 1220 quattro
534 1135 629 1203 Padri
661 1136 765 1204 banno
787 1139 962 1202 5551551515
984 1134 1177 1202 conclusioni
1199 1135 1318 1222 publici
1342 1137 1374 1204 di
1397 1156 1488 1206 sacra

146 1221 307 1307 teologia;
330 1223 387 1290 che
409 1227 568 1306 equanto
599 1241 655 1291 con
687 1223 789 1290 verita
817 1223 859 1288 m‘
881 1239 1007 1290 oocorre
1036 1221 1213 1307 significare
1243 1223 1322 1292 aV.
1351 1223 1486 1292 Santitt.

22 1365 23 1368 ,
148 1309 253 1390 Quem
275 1311 363 1378 Deua

214 1415 253 1481 In
274 1415 377 1482 dorso.
400 1413 461 1482 Die
485 1419 503 1481 5
528 1411 720 1498 Septembris
752 1417 844 1480 1625.
877 1412 908 1479 S.
932 1414 1134 1499 congregatio
1157 1413 1288 1497 5555511,
1312 1413 1340 1482 51
1361 1413 1487 1500 placue-

146 1501 192 1568 rit
216 1500 429 1582 sanctissimo,
452 1501 492 1568 ad
514 1499 679 1568 eeclesiam
702 1499 948 1568 scardonensem
969 1501 1002 1568 in
1024 1519 1124 1585 regno
1145 1501 1278 1584 Donnes,
1294 1521 1351 1586 per
1365 1503 1486 1571 obitum

146 1588 188 1656 tr.
211 1588 341 1656 Antonii
362 1589 448 1656 illius
478 1589 582 1654 511151
610 1593 643 1654 51
673 1587 845 1654 immediati
874 1588 1020 1673 pmtoris,
1051 1593 1216 1658 vacantem
1237 1608 1425 1674 promouere
1447 1589 1486 1660 ir.

148 1675 304 1744 Thomam
326 1675 520 1744 Hivchovich
542 1675 733 1742 Boanensem
755 1675 934 1742 ministrum
956 1675 1144 1759 provintiae.

213 1795 393 1852 Tabularium
410 1812 540 1868 congreg.
557 1794 592 1851 de
610 1811 725 1868 propag.
743 1793 805 1864 1115,
824 1795 877 1853 vol.
896 1797 948 1852 385
966 1794 1013 1851 151
1032 1797 1093 1854 610.

312 1987 466 2057 MGOLH.
493 1987 586 2073 1625,
608 1985 650 2058 25
673 1986 818 2058 contris
841 1988 875 2058 et
899 1987 937 2059 19
961 1986 1163 2074 Nouembris,
1186 1987 1316 2060 115555.

150 2128 206 2194 Fr.
236 2127 523 2216 1555551515555,
553 2131 690 2214 episcopo
721 2127 939 2209 scardonensi,
972 2129 1174 2196 committitur
1201 2149 1278 2196 cara
1301 2133 1330 2195 ct
1352 2131 1488 2197 admini-

573 2215 687 2282 stratio
710 2216 854 2282 ccclcaiae
875 2216 1051 2283 1355555515.

211 2357 385 2424 Decretum
414 2375 439 2423 5.
470 2357 721 2440 congregationis
749 2355 789 2423 ds
821 2357 1025 2440 propaganda
1058 2357 1120 2424 fide
1153 2374 1259 2426 coram
1287 2357 1485 2426 sanctissimo

147 2444 277 2512 habitae
299 2444 351 2510 die
374 2447 425 2510 29.
456 2441 602 2510 Octobris
636 2448 727 2509 1625.
750 2443 797 2510 Ut
825 2443 933 2528 populi
955 2444 1120 2511 christiani
1141 2445 1264 2512 Bosnae
1287 2445 1424 2528 pastoris
1452 2449 1486 2511 et

147 2531 288 2615 episcopi
317 2529 483 2598 residentis
511 2529 625 2597 solatio
654 2529 716 2598 frui
745 2531 874 2614 possint,
907 2529 1074 2616 nihilique)
1107 2529 1153 2598 eia
1186 2531 1278 2612 desit,
1313 2533 1396 2614 qnod
1427 2551 1487 2616 per

146 2635 258 2684 curam
280 2615 472 2701 pastoralem
494 2617 699 2701 ministratur,
723 2636 747 2684 s.
770 2617 980 2701 congregatio,
1005 2618 1037 2684 S.
1061 2618 1101 2686 D.
1124 2617 1164 2683 N.
1188 2619 1420 2702 comprobante,
1445 2619 1486 2686 ad

145 2703 338 2771 relationem
359 2703 566 2772 illustrissimi
581 2704 699 2772 domini
715 2703 924 2772 cardinalias.
941 2704 1081 2772 Susanae
1098 2705 1220 2770 censuit
1234 2705 1327 2771 tratri
1344 2705 1486 2774 Thomas

145 2790 337 2872 Hiukorich,
360 2790 463 2858 electo
493 2794 638 2876 episcopo
668 2790 885 2872 Scardonenai,
917 2809 1024 2858 curam
1054 2791 1205 2859 ecclesiae
1230 2792 1411 2874 Boaneusia‚
1434 2793 1482 2860 uti

22 2927 24 2932 ·
145 2879 234 2946 aedis
255 2878 446 2961 apostolicae
467 2879 622 2962 delegato,
646 2896 715 2946 5555
737 2879 1003 2958 committendam,
1026 2879 1127 2946 donec
1145 2879 1284 2946 1555555
1299 2878 1485 2963 Tigledinus

146 2966 282 3034 adeam
306 2966 345 3031 ab
368 2965 558 3049 imperatore
589 2966 776 3049 nominatus,
806 2972 878 3047 post
900 2966 1082 3033 canonicam
1104 2965 1333 3050 promotionem
1355 2971 1388 3032 51
1410 2985 1483 3032 con-

22 3065 24 3094 t
147 3053 357 3120 secretionem
379 3058 504 3120 creatus
526 3051 700 3136 episcopus,
724 3051 764 3118 ad
794 3053 993 3120 residendum
1015 3053 1049 3118 in
1072 3071 1110 3119 aa
1132 3053 1265 3120 ecclesie
1287 3073 1321 3120 se
1343 3059 1483 3120 1555515-

22 3179 23 3198 2
147 3137 234 3219 ierit,
258 3146 434 3206 aeternum
455 3157 529 3206 vero
551 3139 755 3206 acclamarunt
776 3139 920 3206 eiusdem
941 3140 1032 3222 regni
1054 3139 1235 3224 Boaneusia‚
1259 3141 1416 3222 episcopis
1433 3158 1484 3208 55-

149 3226 298 3300 rentium,
321 3225 625 3294 administrationem
647 3226 686 3292 ad
709 3226 887 3292 sanctitatis
909 3245 986 3294 snae
1008 3231 1041 3292 51
1063 3227 1202 3292 5155155
1225 3228 1311 3294 aedis
1334 3225 1482 3310 benepla-

22 3399 24 3412 .
149 3315 247 3381 citum
271 3332 340 3380 esee
362 3313 598 3381 concedendam.
622 3311 714 3380 Oard.
730 3312 918 3380 Ludovisius
934 3312 1033 3398 prael.
1049 3313 1235 3422 Franciscus
1249 3313 1353 3398 Ingoli
1369 3318 1481 3382 555551.
1619 3323 1622 3330 ’

214 3400 263 3486 (L.
287 3399 333 3486 S.)

22 3541 23 3558 ι
213 3504 438 3572 Sanctissimae
467 3523 542 3572 uero
568 3503 721 3571 Dominus
753 3503 903 3572 Urbanus
932 3505 993 3572 PP.
1023 3503 1109 3573 VIII.
1132 3503 1236 3583 Brevi,
1265 3505 1348 3588 quod
1370 3504 1484 3590 incipit

22 3597 23 3600 ’
154 3592 337 3676 „Commissi
353 3593 472 3677 nobia“,
489 3593 608 3660 Romae
623 3593 705 3676 apud
721 3611 747 3658 a.
763 3593 897 3659 Mariam
912 3593 1062 3659 maiorem
1077 3593 1128 3659 die
1144 3597 1182 3658 19
1195 3591 1382 3660 Nouembris
1402 3591 1484 3658 1625

22 3677 23 3680 ’
151 3681 246 3759 51115,
269 3679 445 3764 praelatum
467 3681 626 3747 decretum
650 3698 706 3761 pro
728 3677 842 3746 solatio
871 3679 1022 3746 ecclesiae
1044 3679 1213 3745 Boaneusie
1236 3684 1362 3761 pastore
1386 3680 1485 3746 desti-

22 3781 24 3850 ξ
149 3768 238 3834 15155
260 3765 463 3848 confirmavit,
489 3768 607 3851 „donec
635 3766 683 3832 illi
713 3766 752 3833 de
784 3785 917 3848 persona
947 3765 1054 3832 dilecti
1084 3765 1141 3832 filii
1167 3766 1299 3832 Joannia
1321 3764 1483 3849 Tigledini

150 3853 307 3940 (Telegdi)
332 3853 461 3921 Boanen.
485 3873 543 3920 555
565 3853 696 3920 alterius
719 3854 880 3932 dioecesis,
917 3871 1010 3935 quem
1032 3853 1133 3920 eidem
1156 3851 1307 3920 ecclcsiae
1328 3852 1484 3920 Boanensi

149 3943 181 4006 in
204 3942 386 4024 episcopum
408 3939 552 4025 praeliari
576 3940 765 4008 intendimus
787 3946 820 4007 et
842 3945 1010 4023 pastorem,
1033 3959 1088 4027 per
1111 3959 1168 4006 nos
1189 3938 1362 4024 apostolica
1378 3945 1484 4006 aucto·

22 4035 24 4078 2
150 4030 246 4095 ritate
276 4028 437 4110 provisum
467 4026 573 4104 tuerit,
604 4029 671 4110 ipae
693 4028 833 4094 Joannes
861 4027 907 4094 sic
928 4028 1083 4112 provisus,
1116 4032 1149 4093 et
1169 4045 1300 4093 munere
1323 4045 1485 4094 consecra·

22 4205 24 4210 .
150 4115 257 4269 testantis]
257 4114 446 4270 θ15ιί5555511
476 4119 631 4198 suscepto,
665 4115 706 4182 ad
736 4114 938 4182 residendum
969 4115 1003 4180 in
1032 4114 1100 4198 ipsa
1122 4113 1255 4182 ccclesia
1277 4113 1429 4181 Bosnensi
1451 4133 1486 4181 55

212 4321 345 4378 Tabular.
364 4336 384 4376 r.
402 4321 623 4394 congregationis
639 4320 776 4381 Brerium.
795 4336 839 4377 am
858 4321 934 4388 1625,
952 4320 1006 4377 rol
1024 4337 1110 4377 mene.
1128 4319 1295 4378 Novembris
1312 4319 1359 4377 151
1377 4320 1420 4390 15,
1440 4320 1484 4377 46.
