3410 5258
1394 287 1457 356 287

454 467 599 553 mcclx.
625 485 717 572 1475,
740 487 782 556 20
804 485 899 573 Julll,
923 484 1116 556 usumin.

108 601 289 688 Stephanus
312 606 351 672 de
374 604 637 692 Fraopepaoibus
659 615 686 673 ct
706 609 773 674 ciue
785 609 880 692 fitius
902 606 1124 674 Boccor-dinae
1146 607 1332 690 confimsont
1357 610 1457 677 dona-

109 693 236 772 ts'oncrn,
259 711 356 774 quom
376 693 495 775 fecerat
524 693 687 761 Martinus
709 716 807 760 mmes
839 696 878 761 de
899 693 1160 780 Frangepam'bua
1182 695 1316 761 cedendo
1337 718 1456 782 posscs-

108 775 213 844 siones
236 777 345 845 Kotor
373 788 404 846 et
432 777 581 865 Betprod,
610 784 646 847 in
668 783 817 848 districto
854 781 987 846 Vinodol
1017 783 1107 864 sitas
1129 785 1316 846 monasterio
1343 783 1455 852 Tersa-

214 865 296 931 tcnsi
318 873 347 932 et
370 865 611 953 Nooigrodeoss',
634 868 757 934 ordinis
779 889 805 936 s.
831 867 993 936 Frons-ieci
1016 870 1154 934 vicariae
1176 867 1353 938 Bosnenais.

153 985 223 1054 Nos
246 985 427 1072 Stephanus
449 990 489 1056 de
511 989 771 1074 Frangepanibus
805 995 839 1059 et
871 989 1087 1060 Bernardinus
1121 987 1205 1058 filim
1238 991 1317 1074 eius,
1340 989 1456 1076 Segnis

108 1071 228 1156 Veglie
249 1079 283 1142 et
304 1075 483 1142 llodrussis
504 1077 645 1144 comites.
670 1075 823 1145 Memoris
846 1080 1100 1146 commendamus
1128 1083 1239 1144 tenore
1260 1082 1456 1162 presentium

109 1160 331 1243 significantes
354 1161 468 1245 quibus
490 1165 617 1246 expedit
638 1165 801 1232 universis.
830 1164 912 1243 Quia
934 1165 1116 1248 spectabilis
1137 1168 1171 1231 et
1192 1163 1377 1248 magnificus
1399 1169 1453 1234 do·

107 1249 219 1314 minus
242 1248 400 1316 Martinus
429 1252 469 1316 de
492 1251 601 1316 mdem
635 1250 904 1335 Frangepanibus,
928 1249 1075 1319 similiter
1109 1249 1232 1334 Segnis,
1267 1251 1387 1334 Veglie,
1422 1259 1455 1320 et

110 1333 296 1403 liodrussie
317 1354 431 1420 comm,
455 1335 555 1404 irater
577 1342 685 1404 noster
706 1339 843 1406 canalis
865 1341 905 1406 ob
928 1339 1077 1407 honorem
1099 1337 1293 1406 intemerate
1323 1344 1356 1404 st
1386 1339 1452 1422 glo

107 1418 341 1504 glomodssium
364 1423 424 1489 Dei
447 1423 611 1506 genitricis
633 1424 764 1507 virginis
785 1426 888 1492 Maris
907 1429 941 1492 et
962 1425 1003 1493 ob
1025 1441 1114 1510 spem
1136 1423 1250 1492 salutis
1272 1425 1376 1492 anime
1399 1443 1455 1494 sue

108 1511 144 1573 et
165 1511 408 1592 progenitorum
430 1516 617 1589 nosuorum,
641 1512 795 1594 quasdam
817 1511 1015 1596 possesiones
1047 1531 1131 1594 suas,
1157 1511 1298 1578 vidilicet
1331 1511 1454 1580 Kothor

102 1601 142 1660 et
164 1595 310 1679 Belgrad
331 1603 470 1679 vocatas,
492 1598 526 1663 in
548 1598 694 1665 districtu
717 1598 852 1666 Vinodol
883 1600 1053 1668 existentes
1076 1605 1109 1666 et
1130 1597 1266 1679 habitas,
1290 1615 1361 1666 cum
1385 1600 1453 1665 uni-

107 1683 213 1750 versis
228 1687 263 1749 et
277 1683 410 1766 singulis
424 1685 605 1752 earumdem
620 1686 829 1770 pertinentiis,
845 1686 1059 1772 proventibus,
1071 1684 1273 1768 utilitatibus,
1296 1687 1454 1768 metisque

107 1773 143 1835 et
164 1768 353 1852 confinibus,
375 1771 416 1838 ad
439 1771 565 1838 easdem
588 1774 802 1854 possessiones
824 1773 865 1839 ab
888 1773 1019 1857 antiquo
1038 1779 1071 1840 et
1085 1773 1126 1840 de
1141 1772 1211 1838 iore
1226 1773 1451 1856 spectantibus,

107 1859 314 1940 monasterus
336 1857 539 1926 ecclesiarum
562 1860 654 1925 beata
677 1859 778 1926 llario
802 1859 942 1942 Virginis
963 1863 996 1926 in
1020 1859 1134 1928 Terret
1156 1863 1189 1926 st
1209 1857 1274 1925 Sub
1290 1859 1453 1943 Nouigrad

108 1941 257 2011 fundatis
278 1945 311 2010 in
333 1949 520 2029 perpetuam
542 1943 745 2012 elemosinam
767 1947 926 2030 inscripsit
955 1952 988 2013 et
1018 1947 1155 2014 donavit.
1190 1945 1296 2023 Quare
1330 1952 1363 2012 et
1396 1966 1452 2014 nos

108 2029 218 2112 ipsum
241 2031 329 2114 pium
352 2037 386 2097 et
407 2032 634 2100 saluberimum
656 2051 735 2116 opus
758 2035 994 2100 considerantes
1017 2034 1120 2100 eidem
1141 2033 1335 2117 inscriptioni
1351 2039 1384 2098 et
1399 2035 1454 2100 do·

109 2118 236 2184 nabunt
259 2126 402 2185 nostrum
423 2119 612 2185 benevolum
634 2121 816 2200 prebuimus
838 2137 1033 2200 consensum,
1057 2120 1121 2185 imo
1144 2121 1309 2202 prebemus
1333 2121 1454 2200 pariter

108 2210 143 2271 et
164 2222 343 2286 amaneum,
366 2207 574 2290 promitantes
596 2207 678 2274 bona
700 2205 761 2273 fide
784 2212 893 2274 nostra
907 2207 1088 2287 christiana,
1113 2205 1196 2289 quod
1219 2224 1277 2272 noe
1292 2205 1379 2274 nullo
1394 2226 1452 2273 un·

107 2309 206 2374 quam
229 2299 374 2375 tempore
397 2293 481 2359 dicta
502 2295 695 2361 monasteria
715 2294 750 2360 in
772 2293 850 2376 ipsis
869 2293 1123 2377 possessionibus
1146 2290 1196 2359 vel
1217 2293 1359 2376 ipsarum
1381 2312 1453 2378 per-

106 2379 257 2462 tinentiis
278 2380 493 2462 proventibus,
517 2378 691 2446 confinibus
713 2388 745 2448 et
762 2382 857 2448 metis
884 2381 1094 2464 impediemus
1124 2385 1157 2446 et
1186 2397 1288 2460 neque
1320 2382 1454 2448 heredes

106 2467 213 2532 nani
235 2465 426 2550 impcdieut3
449 2466 505 2533 sed
526 2485 585 2550 pro
606 2486 699 2551 posse
720 2472 829 2534 nostro
859 2474 969 2534 contra
1000 2467 1142 2548 ipsorum
1170 2465 1368 2547 impetitores
1398 2469 1452 2534 de-

106 2551 296 2630 fendemus;
318 2553 373 2620 ubi
395 2571 470 2620 vero
491 2572 549 2620 nos
571 2553 656 2622 dicta
678 2555 850 2621 monsterio
878 2555 911 2620 in
933 2554 1012 2638 ipsis
1037 2553 1287 2637 possessionibus
1321 2553 1371 2621 vel
1400 2554 1448 2636 ip·

107 2657 219 2706 sarum
242 2640 454 2723 pertinentijs,
477 2641 690 2722 proventibus,
713 2639 887 2708 confinibus
909 2659 947 2709 ac
968 2643 1060 2706 metis
1088 2639 1323 2724 impediremus,
1353 2637 1449 2708 mole

104 2730 268 2793 staremm
300 2726 352 2794 vel
384 2728 594 2808 turbaremus,
632 2727 699 2794 siva
737 2727 870 2794 heredes
902 2728 1003 2793 noemi
1033 2727 1222 2810 impedirent
1259 2731 1314 2793 aut
1346 2727 1456 2795 turba·

104 2819 196 2894 rent;
229 2832 268 2880 er
297 2819 373 2879 tunc
406 2832 465 2881 nos
494 2814 527 2878 in
562 2813 698 2896 quinque
731 2813 873 2882 millibus
903 2813 1094 2882 florenorum
1126 2813 1196 2882 ami
1229 2817 1339 2880 contra
1368 2831 1454 2880 sere·

105 2901 275 2967 nisaimum
303 2901 466 2966 dominum
494 2917 604 2983 regem
633 2905 786 2982 nostrum,
818 2901 871 2968 vel
900 2919 976 2969 suos
1006 2918 1195 2984 succesores,
1220 2918 1310 2982 reges
1333 2899 1454 2967 scilicet

104 2985 281 3070 Hungarie,
302 3005 341 3056 ac
362 2987 447 3054 dicta
468 2987 662 3054 monasteria
683 2991 716 3054 et
731 2987 846 3055 iratres
860 2988 893 3053 in
908 2988 1027 3056 eisdem
1042 3006 1101 3071 pro
1123 2993 1266 3071 tempore
1289 2989 1451 3071 degentes,

104 3075 333 3142 convincemur
354 3081 387 3142 et
408 3075 541 3141 heredes
564 3074 663 3142 nostri
693 3075 834 3142 convinci
867 3073 1005 3142 debeant
1036 3077 1106 3157 ipso
1138 3073 1233 3154 iacto,
1256 3073 1297 3139 ds
1318 3091 1452 3155 quorum

105 3161 250 3244 quinque
271 3160 408 3228 millium
429 3160 622 3228 florenorum
644 3162 713 3228 auri
736 3181 794 3228 sua
816 3161 987 3228 medietate
1001 3161 1221 3227 serenissimus
1236 3161 1381 3228 dominus
1396 3179 1452 3225 rex

105 3253 218 3315 noster
240 3248 294 3315 vel
316 3249 366 3314 sui
387 3265 569 3315 succesores
592 3267 685 3332 reges
707 3249 870 3332 Hungarie
892 3248 1075 3314 immediate
1097 3245 1202 3313 solum
1235 3247 1345 3329 vigore
1378 3265 1451 3330 pre·

104 3335 257 3418 sentium,
282 3336 350 3402 sine
373 3337 508 3416 strepitu
531 3335 666 3402 alicuius
687 3335 794 3416 iudicii
818 3337 906 3402 iuxta
928 3335 1104 3420 probabilia
1133 3339 1240 3401 tamen
1261 3335 1452 3401 documenta

103 3422 249 3504 ipsorum
271 3422 405 3488 fratrum
427 3421 689 3490 irremissibiliter
710 3441 768 3490 sue
790 3421 952 3489 Maiestati
975 3421 1042 3488 sive
1060 3420 1135 3488 fisco
1150 3423 1240 3504 regio
1255 3419 1452 3501 satisfecere,

107 3514 141 3576 et
162 3509 204 3576 de
228 3508 333 3577 altera
354 3510 525 3576 medietate
547 3509 701 3576 (limarum
723 3509 928 3594 pecuniarum
949 3509 1068 3576 ebdom
1090 3507 1291 3591 monasteriis
1321 3525 1358 3574 ac
1387 3507 1453 3574 ira·

104 3596 212 3662 tribus
233 3615 273 3662 ex
294 3597 507 3680 partenostri
531 3596 737 3665 etheredum
760 3595 1089 3664 nostrorumvaleant
1118 3599 1215 3679 atqua
1248 3594 1377 3678 possint
1414 3594 1453 3659 In
1554 3659 1567 3682 ,

106 3683 197 3750 orius
223 3683 268 3751 rei
290 3684 389 3750 robur
410 3689 444 3749 st
465 3683 681 3750 testimonium
703 3687 868 3767 presentes
902 3683 1027 3750 litteras
1060 3687 1186 3749 nostras
1216 3679 1314 3764 sigilli
1349 3681 1452 3748 nostrl

104 3769 238 3838 maioris
260 3770 452 3855 appensione
473 3770 606 3838 fecimus
628 3771 824 3838 communiri.
859 3769 977 3836 Datum
1010 3769 1044 3836 in
1077 3773 1185 3835 nostra
1218 3769 1347 3836 civitate
1381 3767 1449 3836 Mo

106 3857 234 3924 drussia
256 3858 308 3924 die
332 3861 373 3924 20
395 3856 475 3924 Julii
497 3876 581 3925 anno
605 3861 696 3924 1475.
720 3857 899 3924 momina
921 3856 1028 3923 omnia
1050 3861 1083 3922 et
1105 3853 1231 3940 singula
1253 3875 1291 3921 ex
1312 3855 1453 3939 genuino

105 3942 257 4026 originali
280 3943 357 4009 mibi
380 3944 519 4011 exhibito
542 3945 701 4026 descripto
723 3945 755 4010 in
777 3944 962 4010 membrana
984 3961 1056 4009 cum
1078 3943 1270 4026 appensione
1293 3941 1391 4026 sigilli
1414 3943 1448 4008 in

104 4029 210 4099 torma
231 4030 380 4115 capsulae
402 4050 460 4115 per
482 4033 609 4098 modum
632 4031 790 4115 privilegii
812 4030 918 4098 aliens
951 4029 1013 4096 fide
1046 4029 1144 4112 digna
1176 4047 1272 4097 manu
1306 4033 1449 4096 exnacta

106 4135 178 4185 cum
203 4119 314 4185 eodem
337 4117 466 4203 contuli,
489 4122 522 4184 et
544 4118 620 4200 quia
641 4118 680 4185 de
702 4119 798 4185 verbo
821 4117 1015 4184 adverbum
1038 4115 1230 4182 concordare
1259 4115 1367 4181 inveni
1397 4133 1448 4181 me

120 4205 284 4287 iumcnpsi
306 4205 339 4270 in
361 4203 456 4271 fidem
480 4209 513 4271 et
535 4202 629 4270 solito
652 4203 758 4286 sigillo
780 4203 918 4271 munivi:
948 4203 1017 4286 Ego
1047 4202 1186 4270 ioannes
1208 4201 1317 4269 Simon
1340 4201 1445 4268 Todo-

120 4292 193 4361 ovio
213 4310 307 4360 sacra
328 4290 483 4376 imperiali
507 4291 695 4358 sucmritats
717 4291 860 4357 notarms
887 4289 1044 4373 publicus.

169 4395 237 4463 Nos
267 4395 389 4462 iudices
418 4399 451 4462 et
480 4400 620 4462 rectores
650 4395 788 4462 civitatb
817 4393 972 4460 Fluminis
1002 4411 1027 4460 s.
1056 4391 1122 4459 Viti
1146 4389 1240 4459 fidem
1263 4389 1395 4458 iacimus
1418 4395 1451 4456 et

117 4502 164 4563 tro
198 4483 248 4550 rei
281 4483 418 4550 veritate
448 4487 645 4564 attestamur,
676 4481 892 4566 supradictum
923 4480 1085 4548 dominum
1113 4479 1267 4546 ioannem
1290 4475 1449 4544 Simonem

117 4569 306 4640 beennon
338 4587 409 4638 esse
438 4569 546 4653 telem
576 4567 702 4652 qualem
725 4587 760 4638 se
781 4567 866 4649 iacit,
890 4567 1022 4651 eiusque
1052 4565 1218 4652 scripturis
1240 4561 1375 4648 publicis
1398 4563 1450 4631 bis
