3406 5262
1379 273 1438 335 165

93 475 143 558 qui
166 474 221 544 hic
242 474 276 542 in
297 473 408 542 multis
430 479 463 544 et
484 475 618 544 dirersis
640 474 718 544 locis
741 497 762 544 a
783 475 881 544 variis
903 477 1081 546 hominihus
1109 479 1249 546 revocati
1271 485 1304 548 et
1326 478 1439 546 Hussi-

93 569 196 628 tarum
222 566 342 630 secum
365 567 508 630 tenentes
524 561 711 646 pullulabat,
727 564 794 632 suis
809 565 954 631 mammis
973 565 1284 650 diligentissimisqne
1299 571 1331 634 et
1346 567 1440 634 sudo·

95 649 174 716 rosia
196 648 362 716 laboribus
384 651 567 734 reprobanit
589 656 622 718 et
644 651 728 720 circa
750 653 932 720 eorumdem
954 652 1166 720 hereticorum
1188 659 1221 722 et
1243 653 1345 722 eciam
1360 652 1439 720 mul·

8 759 9 762 ¹
95 743 198 804 torum
233 737 482 804 scismaticorum
512 739 553 804 ad
584 737 678 806 tidem
708 737 896 806 catholicam
925 741 1142 808 reductionem
1174 745 1325 824 tanquam
1348 739 1439 826 pugil

94 823 215 890 Christi
237 829 385 892 sueonos
408 831 588 892 amurcam
610 845 700 893 suam
722 825 870 911 apposuit
892 831 939 892 tot
957 827 1080 896 vicibus
1094 827 1304 914 diligentiam,
1320 827 1440 896 multos

93 911 304 978 convertendo
326 916 360 978 st
380 913 576 994 reducendo;
608 915 654 980 sic
675 916 760 996 qnod
782 913 962 982 huiusmodi
997 915 1064 982 suis
1086 913 1298 982 laudabilibus
1321 921 1354 982 et
1375 916 1439 984 nu-

93 998 213 1066 ctnosis
234 1017 272 1066 ac
293 997 466 1066 salutiferis
498 999 654 1082 operibus
673 1002 871 1084 exigentibus
901 1001 1006 1084 ipsum
1028 1001 1161 1069 fratrem
1184 1003 1346 1082 Jacobum,
1369 1009 1438 1070 tan-

93 1105 188 1170 quam
211 1085 442 1154 henemeritum
471 1092 504 1154 et
533 1085 627 1154 laude
650 1087 779 1170 dignum
802 1089 842 1156 de
865 1087 1043 1156 huiusmodi
1065 1089 1132 1157 suis
1161 1089 1214 1156 hic
1236 1090 1316 1158 bene
1338 1091 1438 1174 gestis

92 1173 315 1260 laudabilibus,
337 1177 370 1240 et
391 1173 552 1241 sudorosis
573 1174 743 1256 laboribus,
766 1176 827 1260 ipsi
849 1179 953 1242 vestre
968 1177 1141 1259 sanctitati,
1159 1185 1313 1260 quantum
1335 1175 1438 1264 valeo,

92 1262 214 1328 ducere
238 1262 466 1328 recommendo.
490 1261 592 1340 Quam
615 1261 789 1330 altissimus
810 1281 868 1345 pro
891 1262 1066 1346 tranquilla
1088 1283 1165 1346 pace
1180 1269 1214 1330 et
1228 1265 1438 1332 subsistencia

93 1347 230 1416 ecclesie
253 1346 445 1416 uniuersalis
466 1366 523 1416 sne
553 1354 661 1416 sancte
683 1355 716 1416 et
737 1349 839 1417 tocius
861 1349 969 1435 populi
995 1351 1159 1418 christiani
1184 1351 1332 1434 dignetur
1354 1351 1438 1420 salu·

92 1437 193 1504 briter
216 1441 250 1502 et
271 1439 415 1518 tempora
443 1435 651 1518 perdiuturna
680 1435 860 1504 felicissime
890 1456 1087 1506 conservare.
1119 1440 1237 1506 Datum
1268 1437 1348 1508 teria
1370 1443 1439 1506 4-tu

92 1525 234 1608 proxima
257 1527 332 1590 ante
354 1523 544 1590 dominicam
566 1523 688 1590 Judica.

152 1628 199 1682 Ex
216 1626 347 1698 exemplo
364 1626 393 1680 in
410 1625 528 1682 tabular.
546 1631 699 1683 conventus
717 1626 792 1684 irata
811 1629 908 1684 minor.
926 1628 1001 1684 della
1022 1628 1105 1686 Nora
1121 1628 1262 1701 Neapolit.
1281 1629 1432 1702 Exemplar

93 1698 288 1770 synohmnum.
307 1695 397 1768 Copia
414 1695 614 1768 archiepiscopi
632 1697 808 1768 strigoniensi
829 1704 857 1754 et
874 1699 989 1770 capituli
1007 1699 1155 1756 tituliensis
1173 1716 1199 1754 a.
1218 1699 1295 1756 1438.

407 1888 636 1958 nucuxvni.
662 1889 754 1973 1438,
781 1889 820 1962 lh
843 1891 980 1980 Aprilis,
1004 1891 1125 1963 Buduc.

92 2013 257 2081 hiemen
278 2016 389 2098 repiuo
411 2013 493 2079 iubet
515 2011 702 2100 Johaunem,
726 2013 990 2100 archiepiscopum
1013 2015 1143 2082 coleccrc
1160 2020 1189 2080 et
1205 2014 1338 2080 hucbierr.
1355 2013 1434 2082 duos

8 2143 9 2146 =
91 2103 268 2187 ecapitulo
299 2101 431 2167 toccien.
465 2103 629 2166 cononicus
658 2103 780 2167 mittere
809 2103 854 2166 ad
883 2101 1033 2186 oppidum
1064 2101 1143 2180 Ilulr,
1175 2107 1210 2168 ut
1231 2103 1434 2188 inquirerent,

91 2193 180 2256 orius
203 2190 391 2255 auctoritate
412 2187 538 2273 Spmora
563 2188 814 2272 archidiacenus,
837 2209 862 2254 e.
886 2187 1038 2254 Jacobum
1062 2189 1100 2254 de
1122 2188 1278 2270 Marcbiu,
1301 2190 1435 2276 inquisi-

165 2285 275 2361 torem,
299 2278 596 2342 eucommuuicatum
619 2277 834 2356 declaraverit,
858 2283 886 2341 et
908 2277 1041 2361 desuper
1062 2285 1166 2343 macte
1188 2279 1357 2362 referrent.

154 2397 335 2481 Elyznbeth
347 2397 398 2464 dei
409 2397 518 2481 gracia
533 2397 643 2482 regina
655 2399 828 2483 Hungarie,
839 2397 1011 2480 Dalmacie,
1024 2397 1154 2466 &necle
1170 2403 1229 2466 etc.
1241 2397 1434 2482 Austrisque

90 2491 121 2554 et
143 2485 243 2553 Stirie
267 2486 392 2552 ducissa
418 2485 531 2566 iunior,
563 2487 791 2554 marchionissa
820 2485 962 2553 Morarie
996 2490 1054 2553 etc.
1078 2483 1165 2552 fideli
1187 2491 1295 2554 nosue
1318 2486 1433 2552 denoto

91 2573 206 2642 dilectu
237 2573 502 2641 reverendissimo
531 2573 564 2638 in
599 2571 724 2640 Christo
753 2573 838 2657 patri
866 2572 993 2640 domino
1022 2573 1171 2655 Johanni,
1196 2573 1432 2658 archiepiscopo

91 2659 225 2728 ecclesie
247 2659 420 2728 colocensis
447 2665 481 2727 et
509 2660 687 2728 bachiensis
709 2661 857 2728 canonice
879 2660 1049 2740 unitamm,
1072 2659 1208 2727 salutem
1231 2665 1263 2727 et
1284 2661 1434 2744 graciam.

90 2747 261 2815 Refereute
283 2748 374 2814 nobis
396 2745 544 2831 religioso
568 2747 667 2816 fratrs
689 2746 817 2828 Jacoho,
845 2746 1031 2830 inquisitore
1053 2747 1192 2814 heretice
1214 2747 1380 2830 pravitatis
1403 2753 1436 2813 et

89 2835 288 2920 predicatore
319 2833 352 2898 in
381 2853 480 2918 regno
511 2840 618 2901 noaho
650 2835 826 2918 Hungarie,
846 2841 955 2901 nostra
985 2835 1126 2918 percepit
1155 2837 1320 2920 serenitas,
1352 2835 1435 2916 quod

89 2923 220 3004 quidam
250 2919 366 3004 Symon
409 2921 648 2989 archidiaconus
678 2921 710 2986 in
746 2919 879 2988 ecclesia
910 2921 1241 3006 quinqueecclesiensi,
1272 2921 1433 3004 rigoribus

89 3008 256 3075 reverendi
288 3008 323 3074 in
356 2974 483 3076 &bristo
511 3008 612 3092 patria
643 3007 762 3076 demini
792 3007 930 3090 chrici,
959 3009 1098 3092 episcopi
1128 3008 1270 3075 eiusdem
1301 3007 1434 3076 ecclesie

89 3094 438 3180 quinqueecclesiensis,
468 3097 657 3162 sucwfitate
687 3095 887 3178 propriarum
916 3095 1104 3176 litterarum,
1132 3094 1221 3164 nulla
1242 3095 1433 3178 precedente

88 3185 233 3267 legitima
256 3183 410 3250 dunione
438 3188 494 3249 aut
524 3183 729 3266 amonicione,
760 3183 894 3249 eundem
923 3181 1056 3249 habam
1085 3182 1239 3250 iacobum
1272 3181 1435 3250 sentencia

89 3270 433 3352 excommunicacionis,
456 3270 595 3337 indebite
617 3269 695 3348 lata,
718 3268 913 3356 innodasset,
936 3287 975 3336 ac
995 3269 1028 3335 in
1048 3269 1164 3352 oppido
1187 3267 1291 3354 Vylak
1313 3277 1347 3336 et
1368 3269 1436 3338 suis

88 3357 293 3442 pertinenciis
323 3357 547 3444 innodandum,
581 3359 615 3423 in
647 3373 740 3422 auum
766 3374 863 3439 grave
888 3356 1099 3442 preludicium
1122 3361 1155 3422 et
1176 3357 1339 3439 iacturam,
1362 3374 1434 3439 pro-

88 3449 242 3526 curasset,
266 3463 323 3527 per
345 3445 403 3511 hec
423 3444 524 3511 eidem
540 3463 601 3510 nun
617 3444 779 3510 minimum
796 3443 994 3530 derogand03
1017 3448 1050 3510 et
1072 3445 1146 3526 quia
1167 3461 1226 3510 uos
1248 3443 1435 3526 premissam

88 3533 285 3599 sentenciam
308 3537 341 3598 et
363 3549 470 3598 omnes
492 3532 595 3614 ipsius
617 3549 782 3613 processus
803 3549 860 3614 per
882 3529 991 3597 fideles
1013 3537 1138 3598 nostros
1160 3529 1301 3614 prelatos
1323 3535 1356 3598 et
1377 3531 1433 3598 ba·

88 3638 192 3700 roues,
215 3619 352 3686 vicarios
373 3619 494 3686 scilicet
523 3618 657 3702 predicti
690 3617 779 3700 regni
809 3619 918 3697 ausui,
942 3615 1086 3684 volumus
1116 3617 1220 3684 iacere
1250 3619 1432 3699 examinari,

87 3707 187 3790 igitur
209 3705 308 3791 (ideo)
331 3711 469 3773 resuam
491 3710 611 3773 attente
633 3705 823 3789 requirimus
845 3703 1039 3787 fidelitatem,
1066 3704 1169 3773 eidem
1184 3705 1334 3772 seriosius
1350 3723 1434 3772 com·

88 3794 254 3873 mittendo,
278 3798 434 3875 quatenus
463 3793 597 3876 cognitis
625 3792 823 3876 presencium
845 3791 1057 3874 continenciis,
1082 3792 1204 3859 duobus
1226 3811 1264 3858 ex
1288 3793 1432 3875 dominis,

89 3883 128 3949 de
150 3879 290 3965 capitulo
312 3879 396 3947 dicte
418 3879 550 3947 ecclesie
571 3887 676 3947 vestre
697 3879 874 3948 bachiensis
898 3879 1062 3963 eligendis,
1085 3879 1289 3945 committatis
1311 3879 1431 3949 eisdem

89 3969 185 4035 uerbo
206 3972 315 4034 nostre
337 3967 523 4048 maiestatis,
547 3967 663 4051 quibus
692 3971 725 4032 et
759 3985 816 4033 nos
838 3967 921 4034 serie
944 3965 1141 4050 presencium
1163 3963 1298 4032 firmiter
1320 3966 1432 4034 cornit-

88 4056 185 4122 timus
207 4061 242 4121 et
263 4054 458 4128 mandamus,
482 4061 638 4137 qnatenus
659 4053 721 4137 ipsi
744 4048 785 4123 ad
807 4053 984 4137 predictum
1006 4053 1157 4136 oppidum
1180 4052 1283 4138 Vylalr
1307 4057 1339 4119 et
1362 4053 1430 4120 eiua

88 4141 310 4224 pertinencias,
333 4147 625 4226 consequenterque
647 4141 798 4226 plebanos
821 4145 853 4208 et
874 4145 1013 4208 rectores
1035 4139 1113 4208 inibi
1137 4145 1170 4206 et
1193 4139 1273 4207 alias
1295 4139 1430 4208 ubilibet

88 4252 92 4296 r
128 4231 146 4297 h
169 4229 425 4297 archidiaconatu
448 4229 525 4295 dieti
548 4227 702 4314 symonis,
725 4227 830 4295 inhac
849 4233 940 4312 parto
955 4232 1138 4294 executores
1154 4227 1326 4307 constituti,
1345 4245 1431 4294 acce

88 4343 92 4380 r
124 4322 209 4399 ntes,
231 4316 271 4384 de
293 4315 464 4401 premissis,
495 4334 551 4382 cur
579 4313 726 4383 videlieet
755 4333 793 4381 ac
822 4315 929 4400 rigore
952 4332 1086 4396 quarum
1108 4313 1287 4384 litterarum
1310 4315 1430 4382 dictum

89 4421 92 4470 u
128 4410 221 4471 utrem
242 4403 409 4488 Jacobum,
431 4408 464 4470 et
485 4405 526 4470 ad
556 4403 647 4470 cuius
676 4401 862 4470 instanciam
893 4403 1193 4469 excommunicatum
1219 4401 1431 4469 denunciave-

8 4547 9 4550 ,
88 4511 92 4557 r
124 4497 162 4579 rt,
185 4489 355 4574 diligemm
376 4491 536 4573 inquirere
558 4509 594 4557 ac
616 4489 795 4556 huiusmodi
816 4487 940 4556 litteras
956 4488 1160 4555 sententiales
1182 4489 1223 4556 ab
1242 4489 1370 4570 endem,
1394 4490 1429 4556 in

8 4633 9 4638 ,
89 4599 92 4642 r
124 4579 195 4646 ecio
216 4579 267 4646 rel
288 4575 403 4646 saltem
433 4578 556 4660 copiam
585 4576 726 4644 eiusdem
754 4581 900 4660 repetere
922 4581 955 4642 et
977 4576 1132 4643 rehabere
1156 4575 1217 4662 (ac)
1240 4576 1301 4643 suh
1322 4574 1429 4658 sigillo

8 4721 9 4726 ,
89 4691 92 4724 r
136 4667 166 4733 ti
189 4665 320 4752 capitoli
349 4664 528 4735 bachiensis
556 4663 773 4754 transmittere
803 4663 939 4732 debeant
961 4667 994 4732 et
1016 4667 1192 4732 teneantur.
1216 4661 1278 4742 Qui
1301 4663 1428 4762 quidem
