3428 5256
262 279 322 342 190

255 485 379 549 mantes
410 483 556 563 preterea
584 477 698 548 harum
721 478 803 546 seris
832 479 1015 548 electionem
1047 480 1235 550 celebratam
1266 499 1325 562 per
1353 480 1488 554 dilectos
1520 479 1610 548 filios

256 568 398 652 ejusdem
430 567 549 634 ordinis
579 565 772 652 professores
802 569 892 652 regni
924 566 1065 651 Ungarie
1096 568 1130 634 in
1158 587 1293 652 persona
1322 567 1431 636 dilecti
1459 566 1518 634 lilii
1541 567 1607 635 Fa·
1709 551 1712 626 l

256 655 343 724 biani
376 656 416 722 de
444 653 571 736 Bachia,
606 653 683 720 dicti
716 652 835 720 ordinis
869 653 1064 736 professoris,
1098 655 1131 720 in
1162 659 1230 724 tota
1258 662 1292 722 et
1324 656 1450 738 integra
1482 654 1608 722 maaria
1710 663 1712 732 j

256 742 412 828 prelibata
446 759 546 823 usque
579 742 620 808 ad
656 741 835 824 proximum
871 740 1013 808 futurum
1050 741 1224 825 capitulum
1260 742 1294 810 in
1334 743 1445 812 omem
1484 743 1609 810 vicaria
1710 755 1712 766 ’

257 828 466 912 equanimiter
488 826 720 911 celebrandum,
750 827 927 894 districtius
956 827 1136 895 inhibentes
1158 828 1261 895 eidem
1288 828 1431 912 generali
1453 828 1606 895 ministro
1710 835 1712 914 ξ

256 921 290 984 et
311 914 441 998 prefatis
464 933 502 980 ac
525 915 594 980 aliis
625 912 777 981 iratribus
809 914 887 982 dicti
909 915 1038 996 ordinis,
1062 933 1119 981 nec
1145 933 1208 982 non
1230 915 1387 982 universis
1409 920 1442 982 et
1464 913 1607 998 singulis

257 999 524 1068 Obrism'fidelibus
545 1000 711 1083 utriusque
733 1019 835 1083 sexus,
860 1001 1081 1068 ecclesiasticis
1104 1002 1200 1068 etiam
1222 1001 1426 1089 regularibus
1448 1002 1602 1068 ordinum

257 1105 514 1172 quorumcunque
537 1089 691 1171 exemptis
713 1092 746 1153 et
768 1107 829 1154 non
845 1089 1006 1172 exemptis,
1023 1105 1061 1156 ac
1075 1087 1244 1156 laicalibus
1260 1092 1484 1171 cujuscumque
1501 1088 1604 1155 stiam

256 1174 430 1258 dignitatis,
462 1179 575 1259 status,
607 1175 735 1256 gradus,
764 1175 893 1254 ordinis,
926 1175 1111 1242 conditionis
1144 1173 1195 1242 rel
1228 1175 1465 1260 praeminentia,
1502 1175 1607 1242 etiarn

256 1261 383 1345 regalis,
405 1259 565 1344 regimim,
588 1259 784 1344 pontificalis,
808 1260 930 1328 ducalis
952 1266 1009 1328 aut
1038 1259 1205 1346 cujuslibet
1227 1261 1360 1329 alterius
1383 1261 1607 1330 ecclesiastice

255 1349 307 1416 uel
329 1349 485 1416 mundane
506 1346 635 1433 luerint,
659 1367 698 1413 ne
720 1353 829 1416 contra
852 1348 1095 1433 restitutionem,
1117 1349 1352 1435 repositionem,
1374 1348 1606 1433 reintegratio·

255 1453 338 1516 nem,
361 1433 566 1519 voluntatem,
593 1437 747 1500 statutum
778 1439 811 1501 et
833 1435 1060 1503 ordinationem
1082 1453 1120 1502 ac
1141 1435 1247 1502 omnia
1273 1436 1338 1504 alia
1361 1441 1394 1502 st
1416 1434 1546 1520 singula
1569 1435 1605 1501 in

255 1522 455 1606 presentibus
478 1522 593 1588 nostris
623 1519 741 1588 litteris
770 1527 926 1601 contenta,
955 1541 1013 1604 per
1042 1541 1076 1588 se
1099 1520 1151 1589 rel
1173 1523 1272 1588 alium
1293 1541 1352 1590 seu
1374 1521 1455 1590 alios
1476 1521 1605 1589 directa

256 1608 309 1676 vel
331 1609 485 1676 indirecte
508 1607 619 1690 quovis
641 1607 767 1690 quesita
788 1607 893 1675 colore
915 1608 1023 1676 uenire
1045 1627 1101 1676 seu
1125 1609 1244 1692 aliquid
1266 1613 1459 1692 attemptare
1489 1627 1605 1692 presu-

256 1699 354 1783 mant,
377 1713 414 1762 ac
436 1695 641 1762 decernentes
663 1693 736 1760 illos
759 1712 796 1760 ex
819 1695 897 1778 ipsis
919 1693 1061 1777 generali
1091 1696 1246 1776 ministro,
1269 1695 1422 1762 fratribus
1445 1701 1478 1762 et
1500 1693 1606 1762 fideli·

256 1783 326 1862 bus,
350 1781 405 1864 qui
427 1782 661 1865 separationem
683 1779 825 1862 fecerint,
849 1785 885 1848 ut
900 1781 1068 1869 prefertur,
1085 1782 1415 1850 excommunicationis
1429 1781 1604 1868 sententie,

256 1888 276 1935 a
299 1889 362 1951 qua
384 1868 446 1934 nisi
468 1887 487 1936 a
509 1885 638 1934 romano
667 1866 824 1952 pontifics,
848 1875 1049 1952 preterquam
1072 1868 1105 1934 in
1128 1869 1240 1936 mortis
1263 1867 1398 1936 articulo
1420 1869 1603 1951 constituti,

255 1954 464 2022 absolutionis
485 1953 672 2020 beneficium
694 1955 836 2021 obtinere
859 1961 1025 2038 nequeant,
1050 1955 1213 2022 subiacere
1236 1975 1273 2021 eo
1295 1956 1376 2040 ipso,
1399 1973 1438 2022 ac
1460 1975 1500 2022 ex
1514 1973 1604 2022 nunc

255 2043 380 2108 irritum
402 2046 435 2108 et
456 2041 559 2120 inane,
575 2041 603 2106 si
617 2059 708 2108 secus
723 2059 818 2125 super
834 2041 898 2109 biis
913 2061 932 2106 a
947 2059 1114 2123 quoquam,
1128 2042 1239 2124 quavis
1253 2043 1444 2110 auctoritate
1459 2043 1603 2108 scienter

255 2127 307 2195 vel
328 2129 511 2211 ignoranter
533 2127 703 2209 contigerit
724 2129 919 2212 attemptari.
942 2127 1014 2194 Non
1038 2129 1237 2196 obstantibus
1261 2130 1502 2211 quibuscunque
1524 2147 1604 2195 con·

255 2215 472 2282 stitutionibus
494 2219 527 2279 et
556 2214 808 2280 ordinationibus
839 2214 1031 2297 apostolicis,
1055 2233 1113 2282 nec
1138 2234 1201 2281 non
1224 2216 1353 2282 statutis
1376 2221 1409 2282 et
1431 2220 1606 2282 consuetu·

254 2302 380 2369 dinibus
403 2300 479 2368 dicti
501 2300 630 2378 ordinis,
649 2301 839 2384 juramento,
871 2301 1107 2369 confirmatione
1139 2301 1313 2384 apostolica
1335 2301 1387 2370 vel
1409 2302 1522 2384 quavis
1546 2301 1606 2368 fir-

254 2389 366 2456 mitate
388 2387 452 2456 alia
473 2387 641 2470 roboratis,
675 2386 851 2471 privilegiis
882 2405 1015 2470 quoque,
1051 2387 1257 2472 indulgentiis
1279 2395 1312 2457 et
1334 2389 1450 2456 litteris
1471 2391 1606 2470 aposto·

256 2475 327 2542 licis
355 2473 559 2558 generalibus
585 2473 635 2540 vel
664 2473 864 2557 specialibus,
896 2493 1155 2558 quorumcunque
1183 2482 1329 2542 tenorum
1359 2477 1508 2560 existant,
1542 2495 1607 2558 par

255 2581 317 2644 que
338 2561 537 2646 presentibus
565 2579 628 2627 non
658 2580 805 2644 expressa
834 2559 885 2628 val
916 2560 1056 2629 totaliter
1085 2581 1148 2628 non
1177 2563 1298 2629 inserta
1327 2561 1459 2629 effectus
1486 2579 1605 2629 earum

254 2649 400 2731 impediri
422 2645 529 2716 salem
551 2647 787 2730 quomodolibet
808 2647 859 2715 vel
881 2647 1010 2728 differri,
1033 2653 1067 2715 st
1088 2649 1128 2714 de
1150 2649 1264 2731 quibus
1287 2667 1485 2732 quorumque
1508 2653 1608 2716 teno-

256 2735 344 2802 ribus
366 2733 513 2819 specialis
535 2739 568 2800 et
590 2753 739 2818 expressa
770 2752 807 2803 ac
836 2735 877 2802 de
899 2735 994 2802 verbo
1020 2735 1061 2802 ad
1083 2735 1214 2803 verbum
1235 2736 1355 2802 mentio
1376 2736 1526 2802 habenda
1548 2735 1604 2820 sit,

256 2823 433 2904 ceterisque
454 2821 567 2904 gratiis
598 2819 855 2904 quibuscumque,
889 2823 1004 2904 quibus
1036 2822 1180 2890 omnibus
1206 2827 1239 2888 et
1261 2820 1406 2905 singulis,
1429 2821 1496 2888 illis
1520 2821 1606 2888 alias

254 2908 288 2973 in
309 2926 367 2975 suo
390 2908 502 2975 robore
524 2909 748 2990 permansuris,
779 2908 884 2990 quoad
913 2914 1077 2990 presentes
1107 2914 1140 2976 et
1161 2909 1195 2974 in
1218 2909 1265 2976 eis
1287 2914 1434 2977 contenta
1450 2909 1606 2991 derogari

255 2993 447 3062 intendimus
469 2999 501 3060 et
524 3012 671 3078 expresse
693 2995 890 3077 derogamus.
908 2994 1062 3062 Volumus
1078 3001 1193 3077 autem,
1211 2996 1295 3077 quod
1310 3015 1368 3080 per
1383 3013 1607 3079 quascumque

254 3078 378 3148 litteras
401 3080 590 3164 apostolicas
611 3081 697 3147 dicto
718 3081 858 3166 generali
880 3083 1025 3149 ministro
1048 3101 1106 3148 seu
1129 3081 1200 3148 aliis
1222 3083 1281 3150 sub
1304 3083 1469 3165 quibusvis
1484 3083 1606 3150 verbo-

254 3185 325 3234 rum
347 3167 456 3234 lormis
471 3167 705 3250 quomodolibet
720 3186 894 3249 concessas,
910 3168 961 3236 vel
976 3169 1181 3252 imposterum
1197 3171 1415 3237 concedendas
1430 3175 1602 3253 presentes

254 3252 363 3321 littere
393 3259 426 3320 et
447 3253 481 3318 in
514 3254 561 3318 eis
592 3259 739 3321 contenta
768 3255 949 3337 hujusmodi
979 3255 1161 3322 nullatenus
1192 3253 1412 3338 intelligantur
1438 3259 1605 3322 revocata

254 3340 344 3407 Nulli
366 3359 441 3423 ergo
463 3344 522 3406 etc.
547 3345 653 3407 nostre
675 3342 893 3414 revocationis.
918 3343 1114 3424 cassationis,
1137 3343 1334 3424 irritationis,
1357 3341 1606 3424 annullationis,

255 3427 495 3506 constitutionis,
517 3427 669 3508 mandati,
699 3427 920 3514 restitutionis,
952 3428 1161 3511 repositionis,
1192 3429 1451 3512 reintegrationis
1474 3429 1605 3514 statuti,

254 3513 468 3599 ordinationis,
511 3514 663 3598 precepti,
698 3513 827 3594 decreti,
866 3513 1122 3599 confirmationis,
1157 3515 1364 3597 inhibitionis,
1401 3516 1606 3594 intentionis,

254 3601 464 3684 derogationis
487 3603 519 3666 et
540 3597 712 3667 voluntatis
734 3599 908 3684 infringere
930 3607 988 3670 etc.
1013 3601 1047 3667 si
1069 3603 1142 3683 quis
1164 3607 1224 3669 etc.
1249 3603 1367 3669 Datum
1390 3603 1493 3669 Rome
1515 3602 1607 3686 apud

254 3693 397 3754 sanctum
428 3687 557 3752 Petrum
591 3705 673 3752 anno
707 3691 765 3754 etc.
801 3687 969 3754 millesimo
1004 3689 1317 3772 quadringentesimo
1353 3689 1606 3773 quadragesimo

254 3779 377 3854 quarto,
400 3791 482 3839 nono
504 3771 568 3839 lral.
591 3772 757 3840 Februarii
779 3773 981 3858 pontificatue
1004 3774 1104 3841 nostri
1126 3795 1209 3842 anno
1233 3776 1480 3858 quartodecimo.

321 3875 474 3945 Waddtop:
492 3875 593 3930 Annal.
606 3874 703 3932 minor.
721 3881 788 3934 tom.
801 3875 853 3945 XI,
865 3877 925 3933 473.
947 3876 1082 3933 Tbca'ocr:
1100 3877 1225 3934 Monam.
1238 3877 1336 3948 Hung.
1354 3882 1421 3934 tom.
1433 3877 1476 3948 H,
1495 3895 1527 3950 p.
1540 3879 1605 3934 225.

545 4046 781 4116 DOOOXXXV.
808 4049 900 4134 lma,
925 4049 940 4119 l
965 4049 1149 4132 Februarii,
1173 4051 1304 4124 Mutae.

255 4171 416 4255 aspectus
438 4167 506 4235 PP.
530 4168 550 4232 1
557 4169 592 4236 V.
615 4173 778 4254 confirmat
797 4175 923 4257 gratias
957 4181 984 4238 ct
1001 4175 1173 4258 pravilegia
1195 4175 1353 4256 quondam
1373 4173 1418 4258 fr.
1441 4172 1582 4261 Dionysi

255 4259 294 4321 ab
318 4257 388 4320 llola
410 4275 563 4339 concessa,
597 4261 775 4344 annuitque,
809 4267 844 4324 at
874 4260 970 4324 iidem
1001 4261 1120 4342 fratres
1153 4259 1293 4327 sicariae
1326 4259 1452 4328 Bosnae
1477 4264 1594 4348 possim

256 4350 415 4427 acceptare
444 4343 635 4407 monasteria
664 4346 697 4408 a‘n
729 4344 902 4427 Moldaot'a,
936 4344 1160 4414 Transitoaas'a
1191 4355 1220 4412 et
1241 4349 1275 4412 in
1304 4347 1489 4434 Hanqara'a,
1522 4370 1590 4432 qua

571 4427 651 4512 ipsis
672 4431 846 4497 cardinalia
867 4431 1021 4498 Julianus
1043 4437 1271 4520 assignaverat.

320 4531 482 4616 Eugenius
514 4532 678 4616 episcopus
707 4553 815 4602 servus
848 4554 1011 4602 sorvorum
1044 4537 1114 4604 Dei.
1149 4537 1282 4604 Dilectis
1311 4537 1388 4605 filiis
1419 4538 1586 4607 vicarios

257 4617 409 4684 iratribus
429 4619 545 4686 vitame
567 4619 673 4687 Bozne
696 4622 884 4704 nuncupatis
898 4623 1018 4690 ordinis
1039 4625 1196 4692 minorum
1216 4625 1417 4710 presentibus
1432 4631 1469 4692 et
1483 4625 1585 4694 muri

256 4702 390 4772 salutem
412 4711 444 4772 et
466 4705 670 4790 apostolicam
691 4707 948 4777 benedictionem.
