3428 5256
1397 293 1456 354 175

113 491 251 578 predicti
274 496 340 561 bes
362 491 493 560 heretici
515 490 643 560 liberati
665 497 749 560 sunt.
773 490 843 570 Quo
865 496 993 576 peracto
1015 493 1142 560 demum
1164 495 1251 562 uenit
1274 496 1314 563 ad
1329 494 1457 564 domurn

114 579 229 648 iudicis
252 599 324 648 cum
348 580 466 648 eisdem
489 586 522 648 at
544 579 698 663 confregit
712 598 855 648 emtores
870 579 1001 666 papales
1019 586 1051 648 et
1066 582 1179 650 exinde
1195 581 1343 652 liberavit
1358 603 1455 668 quen-

113 667 188 734 dam
211 670 409 736 sacerdotem
431 667 605 736 hereticum
627 668 803 736 convictum
826 671 859 734 et
880 669 944 735 ianr
965 687 1022 752 per
1037 669 1212 752 predictum
1227 671 1456 754 inquisitorem.

112 751 256 838 Cumque
289 756 384 823 sicuti
417 758 576 823 consuerit
605 755 787 824 huiusmodi
816 753 911 822 officii
941 756 1087 822 erecncio
1120 757 1237 824 multos
1259 758 1403 825 inimicos
1424 765 1457 828 et

112 841 237 910 emulos
261 843 406 918 extima,
432 843 568 926 qnidam,
592 842 645 910 dei
667 843 783 910 timore
804 843 991 927 postposito,
1014 845 1229 926 supradictum
1243 844 1455 926 Valentinum,

112 928 272 996 fautorem
294 931 514 1012 hereticorum,
538 929 642 997 conati
663 935 737 997 sunt
759 930 924 997 ostendero
945 930 1142 998 innocentem
1164 937 1197 998 et
1219 932 1260 999 ab
1275 932 1455 1000 huiusmodi

113 1017 258 1083 cuminis
280 1023 356 1084 nota
378 1035 562 1099 expurgare,
586 1017 726 1085 aeetias
748 1018 967 1100 quoquomodo
992 1015 1130 1084 officium
1151 1018 1365 1104 inquisitionis
1387 1039 1456 1105 pre·

112 1102 171 1170 lati
196 1103 309 1172 fratris
330 1103 440 1171 Jacobi
471 1103 625 1188 impedire
655 1111 687 1171 et
709 1104 934 1189 calumpniare,
951 1122 1012 1186 que
1027 1123 1097 1170 cum
1113 1123 1174 1171 non
1190 1105 1291 1173 solnm
1306 1108 1340 1173 in
1355 1108 1455 1189 ipsius

113 1189 251 1274 sepsisti
272 1190 381 1258 trabis
403 1191 515 1258 Jacobi
537 1191 765 1258 detractionem
787 1197 821 1258 et
843 1192 1005 1260 infamiam
1028 1194 1141 1258 cedant
1162 1198 1194 1260 et
1212 1199 1456 1276 retorqueantur

112 1277 216 1345 liuore
238 1279 376 1362 quodam
397 1277 508 1347 fomite
523 1285 556 1346 et
570 1279 651 1362 odio,
674 1297 783 1346 verum
798 1279 899 1346 eciam
920 1279 953 1344 in
968 1279 1192 1346 detrimentum
1207 1279 1281 1347 fidei
1296 1289 1329 1348 et
1343 1281 1456 1348 salutis

113 1365 224 1449 populi
247 1366 342 1432 huius
363 1367 453 1450 regni
482 1371 515 1433 et
545 1367 785 1434 eneruacionern
818 1366 919 1433 sancti
941 1366 1056 1452 operis,
1079 1369 1162 1448 quod
1184 1373 1333 1452 operatus
1355 1375 1404 1435 est
1425 1370 1456 1434 in

113 1455 185 1534 ipso
207 1471 319 1536 regno,
343 1471 381 1520 ac
402 1453 527 1537 operari
549 1454 667 1538 poterit
688 1454 721 1518 in
744 1453 886 1520 intuurm
901 1453 1071 1520 clemencia
1087 1452 1272 1522 Saluatoris.
1296 1455 1362 1522 Nos
1381 1475 1455 1523 vero

114 1541 153 1606 ad
178 1539 399 1623 requisitionis
421 1541 608 1608 instanciam
630 1541 694 1607 iarn
715 1541 793 1608 dieti
822 1540 931 1609 fratris
954 1541 1065 1608 Jacobi
1092 1559 1220 1609 eausam
1242 1542 1318 1608 dicti
1342 1541 1455 1610 Valen-

114 1627 174 1693 tini
209 1628 398 1710 quibusdam
430 1625 562 1712 prelatis
593 1633 625 1696 et
653 1628 835 1696 doctoribus
863 1627 1042 1696 examinare
1073 1629 1294 1702 commisimus,
1323 1647 1457 1711 quorum

113 1713 273 1782 relacione
305 1732 376 1782 cunr
406 1713 666 1797 intellexerimus,
696 1716 855 1798 prefatum
877 1715 1007 1782 nauem
1029 1714 1181 1782 Jacobum
1200 1715 1346 1800 juridice,
1368 1719 1453 1800 juste

115 1819 152 1868 ac
173 1807 285 1869 sancte
307 1807 417 1868 contra
435 1803 503 1886 jam
531 1803 652 1870 dictum
682 1801 885 1870 Valentinum
916 1803 1114 1886 processisse,
1141 1808 1245 1869 vesus
1266 1803 1365 1886 igitur
1386 1805 1456 1871 uni·

114 1889 277 1957 versitatis
300 1894 333 1955 et
363 1888 532 1957 cuiuslibet
560 1895 699 1957 vestmrn
730 1888 960 1957 fraternitatem
991 1894 1025 1954 et
1052 1890 1228 1957 amiciciam
1254 1891 1456 1972 requirimus,

114 1983 273 2058 quatenns
295 1976 418 2044 ratione
441 1976 620 2044 huiusmodi
652 1994 817 2060 processus
844 1981 954 2045 contra
986 1975 1143 2062 prefatum
1165 1977 1367 2044 Valentinum
1389 1997 1455 2045 sar·

114 2068 214 2130 torem
239 2065 345 2148 ipsum
367 2063 498 2132 danem
520 2063 673 2132 iacobum
696 2063 747 2132 vel
770 2082 987 2147 quemcunque
1002 2063 1100 2132 alium
1116 2065 1294 2132 huiusmodi
1316 2068 1364 2132 rei
1383 2085 1454 2132 exe-

114 2155 258 2218 cutorem
280 2150 414 2232 iusticie,
447 2156 503 2218 aut
525 2152 579 2234 qui
601 2153 634 2218 in
656 2151 716 2218 hoc
737 2151 820 2218 lacto
852 2153 916 2216 iam
942 2150 1026 2218 dicto
1047 2150 1139 2218 fratri
1161 2151 1282 2220 Jacobs
1304 2151 1456 2220 auxilium

113 2238 331 2321 prestitissent
352 2237 405 2304 vel
427 2237 579 2326 favorem,
601 2237 707 2306 nullus
728 2238 882 2306 infamare
906 2243 960 2306 aut
976 2239 1138 2320 impedire,
1162 2238 1213 2306 vel
1235 2240 1346 2322 quouis
1361 2239 1455 2306 modo

113 2325 285 2393 molestare
308 2325 424 2393 audeat
447 2331 480 2392 et
501 2329 726 2410 presumpmat,
750 2331 912 2408 presentes
935 2343 1059 2408 quoqne
1082 2331 1154 2408 post
1175 2326 1453 2394 earum'lecturam

113 2429 242 2496 semper
263 2413 355 2480 reddi
384 2412 521 2494 petimus
554 2414 759 2498 presentanti.
783 2413 901 2480 Datum
923 2413 956 2478 in
979 2413 1130 2480 descensu
1156 2418 1263 2480 nostro
1286 2415 1456 2498 campestri

113 2519 212 2584 prope
236 2501 353 2568 uadum
376 2499 579 2584 ‘lhydeureu
599 2504 744 2568 uocatum
775 2500 808 2566 in
831 2500 912 2566 festo
933 2500 1018 2566 beati
1041 2499 1149 2582 Egidii
1175 2501 1277 2568 abatis
1299 2519 1379 2568 anno
1402 2501 1455 2568 do-

113 2588 191 2654 mini
215 2585 387 2654 millesimo
409 2594 442 2653 et
464 2587 773 2670 quadringentesimo
796 2587 955 2656 tricesimo
978 2605 1071 2654 nono.

179 2672 297 2758 Sigilla
318 2673 463 2742 undecim
486 2693 577 2742 cerae
598 2676 761 2759 impresse.

174 2775 222 2832 Ex
240 2777 339 2848 origin.
356 2777 386 2832 in
403 2776 521 2834 tabular.
539 2783 665 2835 convent
684 2778 760 2834 fratr.
778 2777 876 2834 minor.
894 2777 968 2834 della
987 2775 1069 2834 Nora
1091 2777 1230 2849 Neapolit

339 2951 594 3022 DGOLXXXIX.
620 2952 712 3037 1439,
739 2953 777 3024 15
800 2951 1009 3043 Septembris,
1032 2952 1231 3024 Florentiae.

115 3075 279 3164 Erspenine
302 3075 367 3143 ΡΡ.
390 3077 453 3144 IV.
477 3077 568 3164 iubet,
591 3081 627 3142 nt
649 3075 836 3144 Benedictus
859 3076 1020 3164 epiecopus
1035 3081 1201 3146 ceumaco.
1219 3079 1341 3144 interim
1358 3080 1454 3143 ensei-
1538 3066 1539 3070 ¹

109 3167 181 3250 piet
218 3185 329 3232 enram
362 3165 587 3231 ootirotioornns
620 3163 799 3231 Motduoioe
831 3165 966 3247 illucque
999 3165 1126 3230 advocet
1160 3165 1282 3248 fratres
1320 3167 1455 3231 minores

227 3254 366 3320 nesta
388 3253 511 3319 Βοεηαο
534 3260 562 3318 et
580 3273 640 3335 per
662 3273 713 3318 eos
735 3273 844 3318 euram
865 3253 1055 3337 pastoralem
1077 3254 1213 3318 exerceri
1232 3254 1344 3335 faciat.

176 3375 345 3460 Eugenius
367 3376 532 3461 episcopus
554 3394 665 3443 seruus
687 3393 848 3443 servorum
871 3375 940 3442 Dei.
965 3373 1147 3442 Venerabili
1170 3374 1262 3440 fratri
1282 3374 1454 3442 Benedieto

115 3463 263 3547 episcopo
285 3463 470 3531 taurinensi
492 3461 627 3531 salutern
650 3471 683 3530 et
698 3461 903 3546 apostolicam
919 3463 1178 3529 benediccionem.
1196 3461 1332 3530 Provida
1347 3465 1454 3528 sancte

114 3551 199 3618 sedis
221 3549 415 3654 apostolicae
438 3569 514 3654 curs
536 3569 574 3618 eo
596 3569 721 3652 sempor
742 3551 866 3616 intense
887 3549 1094 3650 dirigebatur,
1122 3569 1162 3616 ne
1177 3547 1285 3650 populi
1299 3549 1332 3614 in
1351 3549 1454 3650 medio

114 3635 1455 3808 tsstdttdltlttdttdtttubitttntttltrttttlt,ttrite

115 3814 313 3879 orbarentur.
337 3811 407 3879 Hae
429 3813 536 3896 itaque
559 3818 669 3879 sancta
691 3831 729 3878 er
751 3813 928 3896 provisione
950 3811 1080 3895 perinde
1096 3829 1133 3878 ac
1151 3829 1190 3877 ex
1203 3830 1241 3877 ea
1256 3811 1357 3876 eciam
1372 3811 1454 3894 prin-

115 3898 260 3982 cipaliter
281 3899 420 3981 racione,
453 3907 489 3965 ut
522 3900 594 3983 ipsa
625 3897 766 3966 salvifica
799 3917 836 3966 ac
858 3918 939 3981 pura
972 3898 1090 3965 domini
1113 3898 1211 3964 nostri
1234 3897 1311 3964 lesu
1334 3896 1451 3963 Christi

116 3986 191 4053 fides
213 3987 301 4053 inter
323 3987 449 4053 eosdem
470 4005 619 4072 paganos,
642 3985 794 4066 infideles,
817 3986 1033 4052 schismaticos
1049 4004 1085 4052 ac
1103 3985 1260 4051 hereticos
1275 3983 1453 4051 fructiferas

116 4091 228 4158 capere
259 4074 360 4157 possit
390 4073 503 4140 salutis
532 4073 833 4158 propagationisque
856 4073 985 4150 radices,
1009 4071 1179 4139 salubriter
1202 4091 1263 4138 non
1290 4073 1394 4138 minus
1416 4089 1454 4138 ac

123 4162 165 4245 pie
186 4161 329 4228 instituti
351 4160 440 4228 luere
462 4161 526 4228 iam
548 4161 589 4228 ab
611 4159 687 4226 olim
708 4160 932 4227 diversissimis
954 4161 987 4225 in
1003 4165 1087 4226 terre
1106 4159 1201 4225 huius
1216 4160 1373 4225 mundane
1389 4159 1453 4224 oris

120 4248 325 4332 episcopatus,
349 4249 534 4331 intorques
563 4267 639 4316 sane
670 4267 731 4313 non
761 4248 891 4314 ultimus
914 4252 983 4313 erat
1005 4246 1069 4326 ille,
1095 4265 1187 4329 quem
1210 4246 1243 4311 in
1265 4251 1352 4314 terra
1374 4245 1454 4310 Mol·

126 4337 209 4403 lauie
232 4335 274 4403 ob
297 4341 384 4403 terro
406 4334 494 4402 illius
524 4336 705 4403 vasdtatem
737 4339 769 4401 et
800 4333 916 4402 Christi
950 4333 1089 4400 fidelium
1111 4334 1339 4401 incommodam
1361 4331 1454 4398 nimis

128 4423 343 4506 tisparsionsm
372 4428 479 4506 preter
507 4423 715 4506 antiquiorem
745 4420 946 4489 Ceretensem
976 4421 1017 4487 ab
1047 4421 1141 4487 inicio
1171 4423 1326 4504 presentis
1355 4417 1453 4484 seculi

132 4529 178 4576 am
199 4519 369 4578 vacantem
391 4515 424 4576 et
446 4529 515 4577 cum
532 4511 621 4594 graui
637 4509 756 4576 Christi
772 4507 912 4576 fidelium
927 4509 1048 4576 iactura
1062 4527 1102 4574 ne
1116 4509 1156 4574 de
1172 4508 1309 4589 presenti
1325 4507 1453 4588 quidem

128 4597 357 4666 esmurabllem
379 4597 414 4664 in
434 4604 520 4666 terro
534 4597 620 4664 illius
635 4597 801 4682 metropoli
821 4596 1053 4663 Bacchouisnsi
1068 4600 1177 4662 sancta
1192 4593 1345 4660 Bonitacii
1360 4593 1454 4659 huius

141 4685 251 4755 ominis
272 4683 432 4772 pontificis
461 4685 517 4753 IX.
548 4684 748 4770 pontificatus
776 4686 824 4754 sui
854 4703 938 4754 anno
967 4685 1065 4752 tercio
1094 4681 1273 4750 sollicitudo
1296 4680 1396 4747 erexit
1417 4697 1455 4750 ao
