3406 5262
1381 296 1441 358 lor

92 489 275 559 nieemibns
304 495 456 562 eonoedet
485 495 668 566 nminem
703 495 891 566 aedificandi
924 501 1113 566 conuentum
1142 517 1214 566 eum
1244 497 1378 567 eeclesia
1408 500 1440 564 in

93 577 354 732 Rssstlrapen
387 582 522 651 dioeces.
557 583 732 653 Sibeniaen.
767 589 801 652 et
833 604 905 654 eem
938 586 1085 654 tradendi
1117 585 1270 654 nauibus
1303 586 1440 653 uiearise

159 751 253 820 Votis
284 752 435 822 fidelium.
453 808 484 826 ..
507 760 579 828 Det.
610 759 771 828 Bononiae
802 777 850 828 sn.
880 763 940 827 ete.
970 777 1169 826 uoooomm.
1197 783 1265 825 xvn
1288 757 1351 828 lrsl.
1377 759 1441 826 De-

93 840 230 907 oembris
252 861 303 908 au.
326 867 368 910 vr.

93 1046 112 1101 p
138 959 203 1086 ἐξ
220 961 281 1018 libr.
300 963 318 1018 2
334 962 370 1020 de
387 966 535 1036 regularib.
562 971 613 1024 ete.
640 983 686 1023 an.
703 967 721 1022 6
747 965 795 1022 fol.
821 965 881 1022 225.
905 965 1059 1038 Wsddisg:
1078 967 1180 1024 Annal.
1198 967 1295 1022 minor.
1314 971 1380 1022 tona
1400 965 1437 1033 X,

440 1174 557 1242 DOOL.
585 1174 678 1258 1437,
705 1175 720 1246 l
745 1175 913 1259 innuerit,
937 1175 1086 1263 liagnsli.

158 1290 332 1363 Commune
354 1298 539 1380 murinum
561 1297 688 1383 fatetur,
712 1317 748 1367 se
771 1298 948 1383 percepisse
970 1299 1120 1367 aeomite
1142 1296 1308 1366 Badosevo
1325 1296 1439 1366 Paulo-

92 1379 142 1445 rit
163 1399 223 1464 per
245 1383 344 1464 ipsius
365 1382 488 1467 legatos
516 1404 542 1452 o.
566 1385 708 1452 Brailum
731 1385 908 1471 Tezalorid,
935 1385 1144 1454 christianum
1166 1385 1305 1453 Radalin
1328 1391 1361 1450 et
1382 1403 1435 1452 eo·

93 1467 204 1533 mitem
226 1469 429 1537 boratensem
448 1471 583 1539 Dabitis
598 1472 785 1556 depositum.
801 1473 966 1558 Inscripsit
981 1473 1143 1558 logotheta
1157 1471 1274 1540 Nikola
1294 1471 1439 1540 Zvezdit.

153 1589 193 1642 Μ.
212 1589 316 1646 Psote:
334 1592 503 1659 Oneum
521 1595 632 1662 epicuru,
651 1591 692 1664 H,
710 1593 805 1650 98-5.

427 1781 563 1850 uuum.
589 1783 683 1870 1437,
715 1783 754 1854 12
776 1783 943 1871 ianuarii,
966 1783 1106 1872 Pragae.

89 1899 319 1982 &siemundus
341 1923 399 1970 reu
420 1905 572 1972 adversm
597 1905 737 1972 lisrcisoa
758 1909 794 1971 io
814 1905 962 1991 partibus
977 1905 1168 1991 Hesperios
1181 1903 1440 1970 meridionalibue

89 1986 267 2055 bellaturus
296 1991 431 2071 requirit
461 2014 486 2058 e.
520 1991 685 2074 Jacoiom,
717 1995 869 2058 visorium
902 1991 1035 2074 Bompae,
1066 2000 1101 2058 ut
1131 2013 1199 2058 oum
1229 2012 1284 2057 ees
1306 1991 1353 2056 oei
1374 2000 1440 2057 octo

436 2079 596 2162 fratribus
618 2079 685 2146 suis
708 2081 858 2146 mercium·
879 2101 912 2145 se
933 2081 1099 2164 adiungat.

154 2193 390 2280 Sigismnndus,
420 2199 481 2268 Dei
511 2202 617 2284 grstia
637 2201 852 2269 Romanorum
874 2201 1047 2284 imperator
1069 2217 1194 2284 semper
1215 2202 1380 2282 augustus,
1403 2217 1441 2264 ae

89 2281 266 2366 umoris,
289 2283 450 2370 Bohemie‚
480 2287 657 2372 Dalmaeie,
689 2287 820 2358 Oroaeie
850 2292 910 2356 ete.
933 2305 998 2355 rex.
1026 2285 1216 2354 Commissio
1237 2285 1367 2370 propria
1388 2285 1442 2353 do

88 2370 167 2434 mini
189 2371 404 2454 imperatoris.

153 2455 358 2526 Venerabilis
388 2465 422 2527 et
450 2460 599 2544 religiose
621 2463 753 2546 Dooquo
777 2463 898 2542 devote,
922 2459 1012 2528 nobis
1033 2460 1155 2528 sineere
1177 2457 1302 2526 dilecte.
1326 2457 1442 2526 Vestre

91 2544 284 2625 paternitati
315 2547 463 2616 duximus
489 2550 690 2633 presentibus
721 2547 955 2634 notificandum,
986 2546 1070 2630 quod
1100 2564 1166 2627 nos,
1197 2545 1305 2629 graeia
1334 2545 1442 2612 divine

92 2630 187 2697 nobis
209 2630 415 2716 suffragante,
447 2635 488 2702 ad
510 2635 626 2703 iestnm
657 2637 759 2704 senati
789 2633 919 2718 Georgii
941 2633 1082 2700 martiris
1104 2633 1245 2716 proxime
1269 2629 1442 2698 adiuturum

91 2721 124 2782 et
145 2722 287 2785 estatem
310 2719 482 2788 instantem
513 2728 624 2791 eontm
655 2723 838 2789 sevissimos
868 2721 997 2802 Tereos,
1027 2720 1129 2786 crucis
1155 2718 1274 2786 Christi
1296 2736 1442 2801 perseeu-

89 2809 185 2880 ωηο,
210 2803 419 2874 confiniorum
441 2826 610 2891 reguomm
626 2815 805 2876 nostrornm
820 2807 996 2875 dirissimos
1011 2809 1183 2889 invasores,
1199 2804 1340 2871 validum
1355 2823 1442 2872 exer-

88 2891 188 2956 citum
211 2895 280 2958 tam
301 2892 515 2961 Bohemornm
539 2914 634 2978 quam
656 2895 891 2978 Hongaromm,
911 2893 1109 2976 aliarumque
1124 2893 1223 2959 seiam
1245 2892 1442 2960 diversarum

88 2977 262 3044 nneionum
287 2997 326 3046 ex
348 2980 537 3050 immutabili
560 2982 722 3068 proposito
744 2983 938 3049 intendimus
959 2981 1147 3059 instaurare,
1163 2995 1236 3062 ymo
1251 2978 1361 3061 utique
1376 2981 1441 3045 iam

89 3063 309 3146 disposuim
330 3071 364 3134 et
385 3069 564 3150 aptavimus
585 3069 620 3136 in
642 3067 765 3136 effeetn.
789 3068 910 3136 Verum
938 3085 995 3135 nos
1017 3071 1122 3134 vestm
1144 3064 1346 3150 paternitatis
1369 3083 1441 3150 per·

89 3167 204 3216 sonem
227 3169 301 3218 anm
324 3155 440 3222 esteris
461 3153 614 3223 iratribus
636 3157 750 3222 restris
772 3155 952 3222 huiusmodi
967 3154 1128 3232 exercitui,
1144 3153 1186 3220 ad
1201 3151 1441 3218 oooiortandum

89 3237 169 3304 inibi
193 3255 269 3305 rore
292 3239 450 3322 spirituali
472 3241 624 3327 populum
639 3241 857 3325 christianum,
874 3246 907 3308 et
921 3241 1051 3310 verbnm
1067 3238 1194 3308 Domini
1213 3238 1440 3321 predicendum

89 3321 223 3405 aliaque
245 3325 331 3393 eires
352 3325 489 3394 salntem
519 3329 628 3413 populi
658 3329 876 3410 exercendum,
906 3327 1125 3396 desiderantes
1146 3327 1309 3405 interesse,
1333 3329 1441 3407 pater-

90 3409 230 3478 nitatem
253 3417 392 3480 restram
415 3418 537 3482 attente
559 3415 751 3498 requirimus
772 3420 805 3483 et
826 3433 985 3500 rogamus,
1002 3419 1156 3495 quatenus
1172 3411 1335 3480 meoeiatis
1352 3411 1442 3478 vobis

90 3515 148 3563 ser
171 3496 225 3564 rel
247 3505 320 3566 osto
342 3501 457 3568 vestris
479 3521 536 3570 seu
559 3503 679 3569 ordinis
701 3503 800 3569 vestri
815 3502 977 3582 fratribus,
993 3499 1154 3568 talismodi
1168 3497 1318 3566 exercitui
1334 3503 1442 3564 nostro

90 3581 200 3651 uelitis
222 3584 388 3668 interesse,
420 3587 499 3656 inibi
532 3589 654 3673 pariter
676 3589 773 3656 etiam
796 3589 837 3656 ad
858 3593 999 3656 nostram
1026 3587 1225 3656 maiestatem
1246 3585 1441 3685 proeessuri3

88 3688 150 3737 nos
172 3671 259 3738 enim
282 3671 428 3742 volumus
449 3675 553 3742 modis
575 3675 722 3744 omnibus
744 3677 777 3742 in
800 3675 910 3744 eodem
933 3675 1073 3744 exercitu
1094 3672 1245 3742 eonstitoi
1260 3689 1390 3755 proprus
1407 3671 1441 3738 in

128 3775 233 3826 rsona

86 3776 128 3841 po
155 3844 276 3913 Datum
305 3847 407 3931 Prege
437 3847 517 3915 ieris
545 3853 635 3916 sexta
666 3849 808 3934 proxime
837 3853 910 3934 post
939 3847 1056 3916 iestum
1086 3845 1274 3930 epiphaniae
1299 3843 1438 3927 Domini,

85 3949 173 3998 anno
195 3933 340 4000 eiusdem
366 3937 457 4016 1437,
481 3953 652 4016 regnorum
673 3941 855 4006 nostrornm
881 3953 962 4004 anno
984 3933 1150 4018 Hangarie
1172 3959 1201 4014 a,
1224 3934 1438 4000 Romanorum

87 4021 144 4098 27,
167 4018 320 4086 Bohemie
347 4025 396 4102 l‘l,
418 4021 545 4106 imperii
567 4039 645 4089 vero
667 4023 699 4089 4.
1412 4103 1419 4118 ι

157 4105 208 4188 (ln
237 4105 364 4188 dorso):
396 4105 581 4176 Venerabili
610 4115 644 4176 et
674 4109 825 4194 religioso
856 4109 895 4175 tr.
925 4107 1046 4176 iaoobo
1076 4107 1116 4174 de
1148 4105 1442 4206 llarehis,viear1o

135 4209 207 4274 sne,
230 4193 354 4260 ordinis
375 4193 511 4264 matrum
542 4195 700 4264 minorum
729 4199 832 4264 saneti
862 4195 1026 4266 Francisei
1053 4195 1092 4261 de
1114 4193 1330 4275 obmmaocia,
1354 4190 1441 4258 fidelr

134 4283 205 4346 roto
226 4279 319 4347 nobis
343 4286 376 4346 et
397 4282 519 4349 dooere
540 4281 665 4351 dilecto.

152 4397 198 4454 Ex
216 4399 346 4470 originali
363 4399 392 4456 in
410 4401 528 4458 tabulas.
546 4408 701 4462 conventus
719 4404 796 4462 iratr.
814 4404 912 4462 minor.
931 4403 1005 4460 delle
1023 4369 1108 4458 Nove
1124 4398 1266 4471 Neapolit.
