3406 5262
231 270 292 332 142

227 471 345 539 futuris
367 473 561 556 temporibus
584 472 624 538 ab
646 471 692 538 eis
715 477 749 536 et
772 471 885 538 horum
906 468 1125 539 iurisdictione
1147 490 1186 540 ao
1200 470 1425 556 superioritate
1441 463 1591 549 exempti

229 559 417 643 simpliciter
439 565 472 626 et
494 559 622 642 penitus
644 558 708 625 sint
730 558 895 626 immunes.

296 645 524 714 confirmamus
554 646 651 712 etiam
680 645 786 712 omnia
813 650 846 711 et
875 643 1000 728 ungula
1033 643 1153 711 eisdem
1176 663 1196 712 a
1218 643 1293 712 sede
1320 640 1497 726 apostolica
1519 655 1590 722 pro

229 733 369 816 ipsorum
392 733 630 800 conservatione
653 737 686 798 et
707 735 877 814 augmento
899 729 974 797 fidei
995 729 1119 799 indulta
1140 729 1308 816 privilegia
1323 735 1356 796 et
1374 749 1414 798 ea
1430 725 1589 796 volumus

229 824 383 904 perpetuo
405 820 439 885 in
460 839 519 886 suo
541 819 656 886 robore
685 822 882 902 permanere.
912 817 984 884 Nun
1018 817 1217 884 obstantibus
1238 817 1369 886 statutis
1391 821 1425 884 et
1448 829 1591 882 consve-

228 907 392 974 tudinibns
414 908 579 988 domorum
600 910 634 972 et
655 905 775 972 ordinis
796 905 1009 989 predictorum
1031 911 1064 972 et
1086 904 1263 972 iuramento
1290 901 1482 971 confirmare
1507 916 1593 984 apo·

230 991 343 1060 stolica
370 992 422 1060 vel
452 994 563 1075 quavis
592 991 743 1058 firmitate
772 989 838 1059 alia
866 992 1023 1058 roboratis
1052 991 1229 1073 marsque
1254 989 1423 1059 conhariis
1447 987 1590 1070 quibus-

230 1097 363 1161 cunque.
396 1079 487 1148 Nulli
515 1098 592 1163 ergo
621 1077 748 1145 omnino
780 1078 943 1145 hominum
971 1069 1066 1144 licoat
1095 1078 1177 1145 hanc
1201 1077 1353 1161 paginam
1376 1080 1487 1143 nostre
1511 1072 1594 1140 snb

230 1166 384 1248 iectionis,
408 1165 651 1244 constitutionis,
676 1163 847 1231 voluntatis
869 1171 903 1232 et
925 1163 1171 1233 confirmationis
1186 1163 1369 1246 infringere
1391 1162 1443 1229 vel
1458 1163 1489 1228 ei
1506 1177 1596 1227 ausu

231 1253 401 1321 temerario
416 1253 634 1336 quovismodo
648 1250 814 1319 contraire.
831 1250 865 1318 Si
881 1252 951 1335 quis
966 1257 1073 1319 autem
1087 1251 1147 1318 hoc
1161 1255 1320 1320 attentare
1335 1245 1592 1332 presumpserit,

232 1341 481 1422 indignationem
502 1339 727 1423 omnipotentis
749 1338 811 1406 Dei
832 1357 870 1406 ac
892 1338 1079 1410 universalis
1101 1336 1255 1405 eeclesiae
1275 1355 1312 1404 so
1334 1336 1460 1404 noverit
1475 1335 1592 1401 ineur-

233 1445 353 1494 surum.

299 1513 419 1581 Datum
441 1511 567 1580 Basilse
589 1511 693 1594 pridie
716 1510 778 1578 hal.
801 1511 880 1578 Maii
902 1529 985 1578 anno
1014 1510 1140 1578 domino
1166 1508 1335 1577 millesimo
1358 1508 1598 1593 quadrigente-

232 1599 313 1667 simo
335 1599 494 1666 tricesimo
517 1604 639 1681 quarto.
664 1597 712 1682 (L.
736 1597 767 1664 S.
790 1596 843 1682 P.)
866 1595 1056 1681 Dupplioata
1078 1597 1112 1662 M
1146 1598 1186 1664 de
1208 1596 1345 1664 Leueld.

296 1701 430 1772 Diploms
453 1701 507 1756 hoc
532 1699 673 1770 synodale,
701 1698 777 1770 quod
802 1700 831 1754 iu
855 1699 966 1754 archivo
993 1698 1152 1770 provinciae
1170 1701 1218 1767 (es.
1237 1698 1404 1762 Salvatoris)
1429 1713 1461 1752 re
1501 1696 1596 1750 rimus

234 1771 372 1825 munitum
390 1775 433 1825 est
450 1769 566 1840 plumbo
583 1767 719 1825 rotundae
743 1769 849 1838 figurae
867 1769 965 1838 sigillo,
984 1785 1000 1824 e
1017 1769 1159 1824 canabinis
1184 1769 1261 1824 nonis
1280 1766 1430 1839 pendente.
1468 1784 1486 1820 n
1507 1768 1595 1837 parte

232 1839 315 1895 huius
333 1857 390 1894 una
407 1839 501 1895 videre
518 1845 561 1894 est
577 1837 702 1894 diuinum
720 1839 848 1910 spiritum
866 1855 883 1892 a
901 1837 998 1892 mundi
1016 1843 1156 1893 servatore
1174 1838 1302 1904 missum,
1320 1853 1406 1908 quem
1417 1833 1595 1906 congregati

234 1916 327 1982 patres
357 1909 512 1979 excipiunt;
542 1913 620 1976 parte
649 1923 715 1962 voro
744 1908 832 1962 altera
860 1907 933 1962 hano
962 1908 1077 1963 vetustis
1108 1907 1314 1962 characteribus
1351 1907 1595 1977 inscriptionem:

235 1983 253 2047 †
271 1989 627 2034 sscnoeos:emrnann1s
641 1988 1033 2033 :smonusrsssrnmusras
1054 1976 1131 2032 Nota
1149 1977 1179 2032 P.
1198 1975 1340 2032 vincentii
1355 1974 1455 2031 Blaho.

299 2065 343 2119 Ex
361 2065 486 2134 original.
503 2063 532 2118 in
550 2063 668 2119 tabulas.
686 2081 764 2135 prov.
782 2079 818 2118 ae.
837 2064 988 2120 Salvatoris
1007 2063 1081 2120 fratr.
1100 2064 1199 2120 minor.
1218 2063 1428 2136 Gyonfflosien.

579 2220 747 2288 neonus.
775 2220 866 2305 ror,
889 2220 911 2290 o
932 2220 1027 2307 iniri,
1051 2181 1239 2292 currum.

236 2343 373 2409 Joonrsis
403 2342 546 2410 diarruti
575 2345 614 2409 de
643 2344 878 2410 excursionibus
906 2343 1100 2408 militaribus
1130 2345 1164 2408 irs
1199 2343 1317 2409 Turres
1347 2343 1517 2426 susceptis,
1551 2341 1601 2407 ad

578 2431 595 2495 b
627 2432 672 2514 fr.
696 2429 850 2496 «Iacobum
872 2431 911 2496 do
934 2429 1090 2515 Morohio,
1114 2432 1238 2498 relatio.

301 2549 462 2635 Religiose
492 2551 551 2633 vir,
584 2558 674 2636 pater
706 2558 813 2620 noster
845 2552 1080 2634 percarissime!
1115 2552 1232 2620 Vestra
1261 2550 1344 2618 scire
1374 2549 1597 2633 dignoscatur

237 2639 421 2722 paternitas,
445 2638 582 2721 qualiter
603 2643 710 2706 vestra
732 2639 906 2721 paternitas
928 2658 985 2706 nos
1000 2640 1196 2706 excitabatur
1213 2638 1294 2722 (sic),
1310 2639 1387 2704 dum
1403 2642 1438 2703 et
1457 2635 1597 2718 quando

238 2743 316 2806 erga
337 2743 395 2791 nos
415 2725 469 2791 hic
489 2725 523 2790 in
546 2724 697 2792 Chanado
719 2725 834 2810 inistis,
857 2726 890 2790 in
912 2723 1048 2792 salutem
1070 2731 1102 2793 et
1125 2724 1380 2792 emendationem
1402 2721 1514 2807 plebis
1535 2739 1599 2806 pro

239 2809 419 2878 detonsione
441 2812 542 2878 tocius
564 2811 804 2880 christianitatis
825 2829 897 2878 oum
918 2829 1030 2880 maura
1052 2817 1084 2878 et
1106 2816 1177 2879 tuta
1199 2809 1402 2894 processione
1425 2816 1461 2878 et
1477 2827 1600 2892 gressu

239 2895 397 2979 fidedigno
426 2903 536 2964 eontra
564 2898 744 2965 sevissimos
774 2898 892 2964 Turcos
922 2898 1019 2966 edam
1041 2897 1162 2966 Christi
1187 2897 1353 2977 inimicos3
1377 2915 1436 2964 nos
1459 2912 1600 2979 quoqne

241 2981 349 3048 contisi
377 2983 411 3048 in
442 2984 559 3050 eisdem
589 2985 702 3064 vorbis,
736 3003 794 3067 per
825 3003 880 3051 vos
909 2985 999 3051 nobis
1028 2983 1170 3068 prolatis,
1200 3002 1273 3050 cum
1294 2984 1446 3066 gentibus
1471 2982 1600 3050 nostms

242 3068 513 3154 exercitua(libus)
536 3068 743 3152 applicuimus
773 3072 814 3136 ad
840 3071 978 3154 Posesyn
1007 3073 1094 3138 iuxta
1123 3069 1308 3138 Danubium
1331 3088 1405 3137 cum
1427 3067 1506 3136 aliis
1531 3067 1602 3134 fra·

241 3155 346 3222 tribus
370 3160 402 3222 et
424 3156 533 3223 amicis
562 3158 693 3238 nostris,
724 3157 837 3222 deinde
866 3155 1061 3226 transfretati
1083 3157 1188 3240 ipsum
1209 3162 1279 3224 tota
1307 3157 1361 3224 die
1383 3153 1543 3223 videlicet
1567 3160 1604 3220 et

242 3245 334 3308 nocte
355 3239 436 3309 feria
458 3247 573 3324 quarta
596 3243 739 3324 sequenti
761 3246 834 3324 post
854 3241 971 3310 festum
993 3244 1160 3311 beatorum
1181 3243 1239 3311 uiti
1262 3247 1296 3310 et
1319 3242 1459 3310 modesti
1483 3241 1604 3309 marti·

241 3345 323 3394 rum.
347 3328 396 3394 De
418 3329 518 3408 gestis
551 3335 658 3396 autem
687 3328 812 3408 nostris,
844 3328 920 3410 quid
949 3328 994 3395 ibi
1022 3329 1179 3412 egerimus
1208 3329 1293 3398 sicut
1322 3329 1453 3396 domino
1486 3333 1605 3395 nostro

244 3415 430 3496 imperatori
458 3414 673 3497 patefecimus,
704 3415 750 3481 sio
778 3419 811 3484 et
843 3419 948 3482 vestm
978 3416 1119 3484 eiusdem
1150 3415 1339 3500 paternitati
1370 3413 1605 3498 patefacimus,

244 3501 378 3566 eandem
400 3498 528 3567 literam
550 3500 590 3567 de
612 3501 709 3568 uerbo
739 3500 779 3568 ad
802 3501 940 3581 verbum,
968 3503 1051 3569 sicut
1073 3507 1107 3568 et
1128 3503 1314 3587 scripsimus
1336 3503 1443 3570 eidem
1467 3502 1606 3569 domino

244 3591 353 3653 nostro
374 3587 557 3670 imperatori
582 3586 741 3670 degestio
764 3588 916 3671 (nostris).

310 3670 532 3739 sacratissima
553 3673 727 3756 imperialis
749 3673 909 3758 muestas,
932 3673 1057 3742 domine
1079 3679 1187 3741 noster
1209 3674 1378 3756 naturalis,
1403 3675 1603 3742 metuende!

244 3759 367 3826 Eadem
390 3758 567 3840 imperialis
590 3779 716 3827 cesarea
738 3765 844 3828 vestra
865 3761 1092 3828 serenitas...
1116 3779 1188 3828 cnm
1210 3761 1359 3844 gentibus
1374 3761 1496 3828 nostris
1513 3779 1607 3828 exer·

245 3843 417 3910 ritualibus
445 3863 502 3927 per
529 3851 667 3913 rosham
696 3847 899 3912 serenitatem
931 3845 1101 3930 deputatis,
1132 3847 1195 3933 (ut)
1226 3847 1260 3913 in
1291 3847 1433 3930 quodam
1464 3847 1606 3931 registo,

9 3999 11 4006 ,
120 4028 122 4032 ⁴
245 3931 447 4014 presentibus
468 3929 600 4014 incluso,
624 3931 759 4000 lucidius
782 3933 891 3998 eadem
913 3933 1069 3999 serenitas
1091 3935 1209 4015 poterit
1230 3935 1359 4001 intueri.

311 4015 419 4082 Primo
440 4018 521 4083 sciat
549 4019 703 4085 serenitas
736 4024 851 4100 vestra,
885 4019 968 4101 qnod
990 4019 1070 4085 feria
1092 4021 1192 4088 tercia
1215 4021 1360 4104 proxima
1382 4023 1457 4104 post
1479 4019 1609 4088 festum

246 4103 412 4168 beatorum
434 4103 493 4170 viti
515 4110 548 4170 et
570 4105 704 4170 modesti
724 4105 890 4171 martirum
913 4123 983 4170 cnm
1005 4105 1098 4172 dictis
1113 4107 1261 4187 gentibus
1284 4107 1326 4174 ad
1355 4107 1478 4190 Kuzeg
1500 4125 1608 4192 prope

246 4189 385 4270 Posesyn
409 4188 630 4271 applicuimus,
662 4191 702 4257 ad
732 4208 826 4272 quem
855 4189 959 4257 locum
988 4192 1096 4261 Frank
1126 4193 1244 4260 benum
1266 4195 1307 4260 de
1333 4193 1421 4260 dicta
1445 4195 1607 4277 Possem,

246 4273 301 4340 ubi
324 4275 391 4356 ipse
413 4293 471 4341 nos
494 4293 565 4341 cum
587 4275 680 4358 pleno
702 4283 856 4359 apparatu
880 4277 1004 4344 navium
1027 4277 1176 4346 videlicet
1199 4284 1233 4346 et
1254 4279 1423 4362 galearum
1437 4285 1608 4363 portum

248 4365 357 4425 nostre
370 4360 641 4428 transfretationis
656 4363 822 4428 advenisse
838 4364 1033 4448 expectabat,
1050 4366 1090 4430 ad
1106 4385 1164 4434 nos
1176 4366 1285 4432 venire
1299 4365 1445 4443 fecimus,
1463 4367 1608 4449 ipsoque

247 4444 356 4510 Frank
385 4447 468 4513 bano
495 4447 681 4514 adveniente
712 4448 745 4513 in
779 4448 895 4515 dicum
919 4451 1026 4532 Kozep
1048 4449 1201 4520 habentes
1222 4453 1308 4519 inter
1329 4472 1389 4521 nos
1413 4451 1513 4535 pleno
1537 4457 1609 4520 tra·

248 4535 345 4609 ctatu,
362 4533 476 4613 quibua
498 4533 600 4599 modis
623 4539 656 4600 et
678 4535 738 4598 viis
760 4535 792 4598 in
813 4533 899 4619 ho(c)
922 4538 1002 4603 vado
1025 4541 1057 4603 st
1079 4557 1116 4604 νν.
1143 4557 1168 4604 s.
1192 4540 1381 4608 mandatum
1404 4540 1526 4622 exequi
1549 4539 1607 4607 de·

248 4617 359 4684 bemuu
380 4623 504 4686 maturo
527 4618 657 4686 consilio
680 4619 865 4706 deliberato,
889 4623 963 4704 quid
986 4641 1081 4707 agere
1104 4625 1289 4710 debeamus,
1313 4624 1549 4694 conclusimus.
