3428 5256
213 189 282 284 3262

220 419 317 488 qnam
337 402 485 470 absentes
506 400 601 471 huius
622 401 746 468 unionis
768 402 913 468 notitiam
928 401 1047 469 habena
1062 399 1200 469 valeant.
1223 398 1310 478 Quae
1325 398 1423 466 etiam
1438 398 1567 468 litteras

219 489 439 570 reservandas,
462 489 524 572 ipsi
539 491 719 556 venerando
734 490 818 574 patri
835 489 952 556 vicario
967 487 1126 556 Dalmatis
1142 493 1174 556 et
1188 487 1292 554 Bosne
1314 486 1433 554 tradidi
1448 503 1568 569 easque

220 581 253 646 in
276 577 396 644 familie
419 581 527 644 nostra
549 577 685 657 registro
707 577 869 659 registrari
901 575 971 654 leci¹
996 576 1114 642 additis
1136 575 1315 642 ‘nominibus
1337 574 1479 640 omnium
1500 571 1566 640 ira·

210 661 305 732 'trum
329 663 486 732 vocalium
508 663 543 732 in
573 666 685 730 eodem
715 663 854 748 capitulo
887 664 1101 730 existentium.
1124 663 1242 730 Datum
1264 663 1297 726 in
1324 661 1393 727 loco
1417 661 1568 728 Paemani

221 753 272 821 die
294 777 338 820 vn
361 751 556 835 Septembris
584 757 667 818 1464
690 757 832 833 tempore
855 751 1077 818 celebrationis
1100 749 1228 835 capituli
1271 747 1462 816 reuincislis.

234 844 236 848 ’
285 839 492 924 Inlrascripta
514 843 588 906 sunt
610 840 737 906 nomina
759 837 893 906 fratrum
915 838 1071 906 vocalium
1092 837 1126 904 in
1149 837 1234 921 capit
1269 835 1462 904 oPasmani
1485 833 1569 903 cele

218 929 312 1006 brato
346 931 438 994 1464.
468 927 506 992 In
536 925 648 1008 primis
676 925 821 992 videlicet
852 928 891 992 de
920 925 1038 994 vicaria
1067 923 1145 991 olim
1174 925 1296 992 Boane:
1324 923 1440 991 Custos
1461 923 1569 990 Bosne

209 1016 261 1092 ir.
284 1015 430 1082 Marinus
452 1013 492 1080 de
515 1012 658 1080 (torsula.
681 1013 847 1079 Discretus
870 1011 938 1080 eius
960 1012 999 1078 lr.
1023 1011 1198 1096 Phylippus
1220 1011 1259 1078 da
1275 1009 1480 1096 G(r)ouaeia;
1495 1030 1570 1096 sup

220 1101 298 1186 pleti
321 1103 405 1187 (sic).
431 1099 547 1168 Custos
571 1101 682 1168 Catina
704 1100 743 1167 fr.
767 1099 941 1183 Phylippus
962 1101 1002 1166 de
1024 1099 1172 1183 Rugosio.
1189 1099 1354 1166 Discrotus
1369 1097 1439 1166 eius
1455 1097 1496 1164 fr.
1510 1097 1570 1164 Ni·

211 1189 329 1256 oolans
352 1192 391 1256 de
414 1187 544 1272 Stagna.
567 1187 682 1254 Custos
704 1187 815 1270 Stagni
837 1187 875 1254 tr.
899 1187 1085 1256 Franciscus
1100 1189 1140 1254 de
1153 1187 1302 1268 Ragusio.
1319 1185 1571 1253 Discretuseius

221 1275 262 1344 lu.
285 1275 465 1364 Stephanus
489 1277 528 1342 de
551 1274 695 1342 Gorzula.
720 1273 835 1342 Custos
858 1275 984 1342 Greben
1007 1271 1571 1358 fr.H·1yasdeStagn0.bisoretus

219 1367 289 1432 eius
312 1363 350 1429 lr.
374 1364 571 1445 Augustinus
587 1363 626 1429 de
642 1363 757 1446 tterlra
772 1362 897 1444 Humie,
915 1361 1062 1445 suptleti.
1083 1360 1197 1428 Custos
1215 1357 1370 1428 Gorbauie
1385 1359 1424 1426 lr.
1441 1359 1571 1428 Luchas
1702 1367 1704 1374 ’

220 1453 261 1520 de
284 1451 404 1518 Oetino.
438 1453 602 1516 Discretus
634 1452 703 1516 eins
733 1447 771 1516 lr.
803 1447 941 1516 Michael
972 1451 1012 1516 de
1040 1447 1186 1530 Ollamop
1216 1446 1298 1534 (sic).
1327 1445 1442 1514 Oustos
1464 1447 1571 1514 sancti

221 1539 407 1622 Hycronimi
430 1539 467 1603 fr.
491 1538 630 1604 Joannes
653 1539 692 1602 de
715 1537 864 1620 Vngaria.
887 1537 1052 1603 Discretus
1071 1536 1139 1602 cius
1154 1533 1191 1600 lr.
1210 1533 1389 1619 Stephanus
1404 1533 1445 1602 de
1460 1533 1571 1618 Vngu-
1702 1567 1704 1618 l

209 1627 279 1706 ria.
305 1625 419 1694 Custos
441 1625 541 1692 Jaiza-
555 1623 594 1692 fr.
616 1623 735 1707 Helyas
757 1626 797 1690 de
819 1623 966 1707 Yposegs
989 1623 1074 1708 (sic).
1089 1621 1254 1688 Discretus
1270 1623 1339 1688 eius
1361 1619 1400 1689 lr.
1419 1621 1572 1688 Alatheus
1702 1663 1705 1710 ,

222 1714 263 1780 de
285 1713 415 1798 Hyadra
437 1710 611 1796 suppletus.
643 1709 757 1778 Custos
792 1711 888 1776 Vsore
916 1709 955 1777 lr.
985 1709 1141 1776 Antonius
1162 1709 1203 1777 ds
1225 1710 1378 1793 Ragusio.
1400 1709 1572 1778 Discretns

211 1802 292 1874 eius
314 1800 354 1867 fr.
377 1799 543 1870 Laoislaus
566 1801 605 1864 de
629 1795 804 1880 Sclavenis,
825 1797 971 1881 suppleti.

215 1945 217 1954 ,
288 1888 452 1954 Provincia
474 1885 551 1952 olim
571 1884 731 1952 Dalmatis
753 1884 894 1951 vocales:
917 1884 969 1950 Fr.
993 1883 1179 1951 Franciscus
1201 1883 1242 1950 de
1264 1883 1395 1968 Hyadra
1416 1883 1571 1967 guardia·

212 1995 283 2044 .nus
296 1975 467 2042 conuentus
483 1972 620 2056 Hyadre.
633 1972 686 2038 Fr.
699 1973 842 2038 Marinus
857 1971 896 2038 de
908 1971 1030 2038 Scriasa
1044 1971 1239 2056 guardianus
1252 1970 1341 2038 Arbi.
1357 1971 1401 2038 Fr
1428 1968 1572 2037 Christo-

222 2064 342 2148 phorus
364 2064 405 2128 de
424 2059 510 2126 Arbo
533 2061 726 2144 guardianus
748 2058 857 2142 Vegle.
882 2059 933 2124 Fr.
954 2058 1126 2142 Gregorius
1141 2059 1180 2125 de
1196 2057 1356 2126 Sibinicho
1372 2059 1571 2140 guardianus

222 2149 360 2218 Rubinii.
389 2148 442 2214 Fr.
473 2147 667 2230 Augustinus
695 2147 734 2214 de
766 2146 895 2230 Hyadra
924 2147 1079 2213 dismatus
1110 2146 1246 2229 Hyadre.
1278 2145 1332 2212 Fr.
1357 2145 1507 2230 Baptista
1530 2148 1572 2213 de

223 2237 383 2302 Sibiuicho
416 2237 571 2302 discretus
605 2235 693 2300 Arbi.
727 2235 780 2300 Fr.
815 2233 959 2300 Massaus
992 2234 1032 2298 de
1062 2233 1210 2300 Sibincho
1244 2233 1402 2300 discretus
1425 2231 1571 2300 Gothori.

222 2325 274 2392 Fr.
298 2323 454 2390 Martinus
484 2322 524 2388 de
551 2319 652 2404 Vegla
681 2321 781 2386 laicus
810 2320 965 2387 discretus
996 2319 1106 2404 vegla,
1136 2319 1313 2402 suppletus.
1334 2319 1389 2386 Fr.
1413 2320 1573 2388 Pacificus

224 2411 450 2488 delibamus,
474 2408 664 2492 guardianus
695 2407 834 2474 Cutbsri.
866 2407 919 2474 Fr.
947 2405 1097 2474 Nicolaus
1119 2405 1286 2474 Polisanus
1313 2427 1371 2490 pro
1393 2407 1573 2492 grandisono

225 2499 391 2584 Pyrrhoni.
423 2497 476 2564 Fr.
499 2494 670 2562 Honoirius
699 2497 739 2561 de
770 2493 920 2560 Sulmone
950 2513 1008 2576 pro
1037 2495 1210 2576 guardiano
1241 2493 1385 2562 Antiberi
1408 2493 1494 2579 (sic).
1517 2493 1574 2561 Fr.

223 2585 363 2652 Joannes
394 2584 434 2649 de
463 2583 549 2650 Arbo
578 2601 635 2665 pro
666 2583 838 2665 guardiano
867 2579 992 2648 Allexii.
1023 2581 1076 2648 Fr.
1107 2582 1252 2649 Donatus
1283 2583 1324 2650 de
1354 2581 1487 2666 Hyadra
1514 2602 1573 2666 pro

224 2671 361 2738 discreto
385 2670 521 2736 Robinii.
545 2668 598 2736 Fr.
618 2668 762 2752 Raphael
777 2669 816 2735 de
833 2667 990 2735 Sibinicho
1005 2687 1062 2752 pro
1078 2669 1215 2736 discreto
1229 2668 1386 2737 Antibsri.
1401 2669 1456 2736 Fr.
1472 2669 1574 2737 Fran

213 2756 329 2828 ‚ciscus
363 2759 402 2825 de
436 2757 521 2822 Arbo
554 2776 613 2842 pro
644 2757 782 2824 discreto
813 2755 977 2840 Pyrrhani.
1010 2755 1062 2822 Fr.
1091 2755 1233 2826 Joannes
1262 2758 1302 2824 de
1324 2756 1491 2826 Sibinieho
1514 2776 1573 2842 pro

224 2847 378 2912 discretio
399 2843 524 2912 Allesii.
718 2909 721 2916 ,
955 2885 959 2892 ·

290 2948 422 3005 Tabulsr.
441 2947 558 3002 vatican.
578 2944 647 3002 Ood.
665 2961 731 3000 mss.
749 2961 847 3000 armar
865 2944 905 3014 Π,
923 2963 963 3000 nr.
982 2946 1016 3000 23
1033 2946 1081 3002 sol.
1100 2947 1141 3001 65.

550 3120 647 3190 Mic.
675 3121 768 3204 1464,
791 3121 811 3190 8
834 3119 1043 3210 septenbris,
1066 3121 1244 3194 Pasmunll.

224 3247 281 3314 Fr.
306 3246 440 3311 Morcus
472 3265 493 3310 o
524 3243 678 3329 Bononia,
707 3247 845 3310 meuriss
872 3245 1038 3332 pendulis,
1068 3247 1215 3311 bortatur
1234 3248 1356 3331 fratres
1379 3245 1572 3332 reipublicae

223 3338 406 3420 ragusinae,
436 3339 472 3397 at
495 3335 688 3398 consustinuit
719 3335 797 3398 actis
827 3332 961 3416 capituli
980 3335 1221 3421 posmaaienso‘s,
1249 3333 1332 3416 quod
1354 3335 1383 3398 si
1405 3353 1477 3398 vcro
1500 3355 1572 3399 con-

212 3425 339 3488 'sentire
362 3423 597 3488 detrectaverint
620 3439 678 3502 eos,
701 3422 834 3486 edoctis
857 3421 895 3485 dc
915 3421 985 3484 iuro
1006 3423 1180 3501 cavendis,
1205 3421 1493 3497 communicandos
1507 3426 1538 3488 ct
1551 3443 1572 3486 u

526 3507 656 3592 familia
680 3507 804 3574 omnino
823 3507 1089 3592 praescindendas
1111 3509 1262 3576 declarat.

290 3628 499 3698 Venerabiles
522 3631 554 3696 in
578 3628 705 3698 Christo
734 3634 842 3714 patres
864 3635 896 3696 et
918 3629 1033 3698 fratres
1055 3629 1254 3699 dilectissimi
1276 3650 1350 3700 cum
1372 3632 1574 3702 commenda-

225 3720 310 3786 tione
332 3716 468 3784 salutem
487 3719 520 3782 in
542 3717 677 3784 Domino
698 3719 929 3802 sempiternam.
944 3716 993 3784 Ad
1008 3718 1182 3786 sedandum
1197 3718 1368 3787 nonnullas
1384 3719 1573 3806 discordias,

224 3805 390 3888 quainter
422 3803 573 3870 familiam
606 3809 746 3872 vestram
776 3810 809 3872 et
837 3805 1023 3872 besuensem
1053 3806 1206 3873 hactenns
1240 3805 1379 3892 luerunt,
1403 3805 1574 3875 recolendo

214 3891 375 3962 ,memorie
399 3889 476 3958 Pius
498 3910 580 3976 papa
602 3889 634 3956 Π
657 3891 753 3958 breue
775 3892 931 3974 quoddam
954 3891 1093 3977 capitulo
1115 3891 1257 3976 generali
1279 3894 1421 3979 presenti
1444 3893 1574 3962 snnoin

225 3983 335 4056 sancta
357 3976 461 4046 Maria
482 3978 523 4044 de
544 3976 677 4060 Angelis
699 3977 858 4044 celebrato
880 3979 1002 4059 direxit,
1026 3978 1059 4046 in
1081 3999 1143 4062 qno
1165 3975 1320 4048 fratribus
1342 3979 1477 4065 capituli
1501 3999 1574 4063 prs·

215 4065 353 4148 cipitur,
383 4069 538 4146 quatenus
569 4066 610 4132 de
642 4065 765 4134 duabus
795 4065 966 4149 provinciis
999 4085 1063 4133 una
1095 4065 1160 4150 liat,
1185 4073 1379 4151 voceturque
1409 4069 1575 4151 provincia

225 4151 329 4219 Bosne
352 4157 385 4217 ct
408 4149 576 4230 Dalmatio,
599 4157 632 4217 et
661 4153 745 4234 quod
767 4171 849 4218 unus
869 4151 1004 4219 vicarius
1026 4152 1157 4222 Italicus
1182 4154 1365 4240 proficiatur
1387 4155 1493 4222 eidam
1516 4175 1575 4240 per

228 4237 378 4306 vicarium
413 4236 592 4320 generalem
626 4242 658 4304 et
694 4237 880 4306 diffinitores
912 4239 1041 4320 capituli
1075 4241 1243 4324 generalis,
1278 4243 1428 4326 quodque
1462 4261 1575 4311 omnes

226 4325 342 4392 fratres
364 4329 528 4408 presentes
550 4330 582 4389 et
604 4323 702 4392 futuri
725 4325 880 4394 dictarum
902 4325 1093 4394 familiarum
1115 4329 1190 4396 huic
1220 4329 1329 4397 unioni
1360 4331 1573 4414 consentiant,

228 4411 478 4478 contradicentes
505 4430 579 4478 vero
606 4413 675 4496 ipso
705 4409 788 4478 lacto
819 4413 1008 4480 sententiam
1041 4417 1374 4484 excommunicationis
1396 4417 1572 4486 incurrant.

217 4497 357 4565 'Fratres
381 4516 455 4563 vero
477 4497 606 4579 capituli
629 4499 784 4580 generalis
806 4502 955 4567 mandato
977 4503 1091 4568 summi
1114 4501 1271 4586 pontificis
1285 4522 1400 4590 parcre
1417 4501 1572 4586 volentos,

215 4583 442 4681 ¹uenerabilem
466 4585 576 4668 virum,
608 4585 742 4654 lustrem
763 4584 994 4656 Bernardioum
1023 4588 1207 4677 aquitanum
1227 4591 1263 4660 in
1282 4591 1468 4662 huiusmodi
1489 4592 1574 4662 vieo
