3428 5256
238 295 302 361 512

236 502 418 572 inimicitias
439 506 528 574 ducis
551 504 703 592 Stephani
725 512 834 577 conus
855 506 1048 591 Ragusium3
1070 506 1103 574 in
1124 505 1231 575 Bosna
1252 525 1328 576 vero
1349 512 1488 590 exponat
1510 504 1581 590 regi

237 593 422 674 gravamina
444 595 620 662 communis
642 600 751 664 contra
773 597 876 663 fatum
897 597 1017 680 ducem,
1041 613 1135 680 quem
1157 594 1236 662 velit
1257 597 1437 680 admonere,
1452 599 1491 662 ut
1510 611 1583 661 cum

236 680 377 764 Ragusio
400 688 505 748 semet
535 700 666 766 pacem;
696 683 730 748 in
759 683 865 766 specie
894 703 934 750 ne
957 682 1185 751 mercatoribus
1210 681 1370 768 ragusinis
1392 680 1585 766 praecludat

238 787 297 852 per
318 786 410 834 suam
432 773 551 837 terram
573 771 641 836 vias
664 771 697 836 in
719 769 879 838 Bosniam.
902 770 991 838 Idem
1014 790 1052 837 er
1075 771 1232 838 onendum
1254 769 1385 837 hebebit
1400 769 1497 836 etiam
1512 767 1585 852 regi

236 855 430 940 Hungariaa
453 857 508 940 qui
531 857 559 924 si
581 875 652 923 cum
682 859 821 924 exercitu
842 853 986 925 'intraret
1007 791 1212 925 inliiosniam
1234 855 1329 924 facile
1350 858 1470 942 poterit
1491 873 1585 923 occu-

236 961 314 1028 pare
339 941 525 1030 „castellum
547 942 692 1012 Oodiviat
724 945 775 1030 (1),
806 946 862 1027 qni
891 963 975 1012 nunc
996 946 1029 1011 in
1050 944 1196 1012 manibus
1219 943 1415 1012 Tarcborum
1438 943 1583 1011 cristit“.

303 1045 429 1102 Goloida:
446 1046 680 1118 Diplomatarium
698 1065 725 1118 p.
743 1048 890 1106 488-503.
911 1047 1067 1104 »Godiviete
1081 1047 1139 1104 fors
1151 1046 1288 1103 inlocum
1308 1045 1488 1116 ›Goodmie·,
1509 1044 1586 1103 Goo-

236 1113 321 1189 dinje,
339 1131 430 1188 pagna
446 1117 477 1172 in
493 1115 620 1172 districtu
638 1115 821 1189 Sarajevensi.

589 1257 707 1326 culn.
734 1257 827 1337 1451,
851 1258 892 1328 29
916 1257 1048 1346 Aprilis,
1073 1256 1229 1327 venetiis

302 1375 491 1448 Oratoribus
520 1379 605 1463 regis
634 1379 759 1448 Bosnae
799 1379 959 1466 Stephano
988 1379 1097 1447 Kledic
1125 1385 1158 1447 et
1182 1378 1321 1448 Nicolao
1350 1379 1464 1448 iacobi
1478 1377 1589 1448 'Teste

234 1467 456 1549 respondetur,
481 1469 565 1550 quod
587 1473 726 1536 castrum
749 1433 922 1549 &etruriae
946 1468 1029 1551 quod
1055 1465 1233 1546 „defecerat
1254 1487 1275 1534 a
1297 1467 1413 1534 comite
1434 1466 1588 1550 Pircho',

235 1554 375 1622 dominio
405 1559 519 1621 veneto
550 1553 692 1622 oblatum
722 1555 849 1639 quidem
879 1555 974 1621 fuerit
1002 1557 1058 1622 sed
1090 1554 1131 1621 ab
1161 1554 1273 1622 eodem
1301 1558 1434 1640 propter
1464 1557 1588 1620 bonum

235 1643 323 1724 pacis
344 1656 409 1708 non
431 1646 639 1726 acceptatum,
662 1641 725 1726 ipsi
746 1641 950 1708 nihilominus
980 1660 1090 1709 carum
1111 1641 1264 1724 futurum,
1287 1643 1314 1707 si
1337 1642 1372 1707 in
1393 1641 1482 1723 regis
1506 1642 1587 1708 Boe

234 1729 324 1796 sinae
347 1747 461 1795 manus
483 1728 662 1810 devenerit3
692 1747 786 1813 porro
817 1730 989 1797 dominium
1019 1729 1179 1813 promittit
1209 1743 1244 1796 se
1260 1730 1407 1812 desputo
1437 1728 1588 1810 Resona,

235 1817 286 1882 cui
308 1835 365 1884 rex
387 1815 506 1882 bellum
528 1815 678 1882 inducere
700 1821 803 1901 parat,
827 1814 978 1894 auxilium
1008 1834 1070 1882 non
1092 1815 1337 1899 praestiturum
1361 1815 1589 1900 promptitudi-

235 1901 513 1970 uemmanifestat
541 1903 689 1970 mittendi
720 1904 782 1985 „ad
812 1903 987 1970 Teucrum“
1021 1902 1223 1987 legationem,
1254 1907 1291 1970 ut
1320 1903 1389 1986 ipae
1411 1921 1484 1970 cnm
1507 1920 1590 1986 rege

233 1989 387 2058 Bossinae
413 1989 561 2073 „pacifice
581 1988 708 2056 drere“
731 1989 822 2074 velit3
845 2007 903 2056 rer
925 1991 1023 2057 libere
1052 1989 1152 2072 eligat
1173 1989 1235 2057 sibi
1257 2007 1356 2057 unum
1377 2008 1397 2056 c
1419 1987 1588 2058 nobilibus

234 2077 375 2158 Venetis,
399 2077 453 2159 qui
475 2081 560 2143 eust
585 2077 672 2155 „eius
694 2077 891 2160 negotiorum
913 2083 1037 2161 gestor“
1063 2091 1161 2162 penes
1185 2075 1421 2160 rempublicam.

298 2179 411 2249 roseco
429 2179 535 2235 mane
551 2179 605 2248 rx,
623 2179 697 2235 arr.¹

612 2318 728 2388 cmv,
755 2319 845 2398 1451,
868 2319 1021 2400 2211ιὶ1,
1044 2318 1204 2389 venetiis.

301 2441 492 2512 Oratoribus
514 2441 667 2526 Stephani
688 2443 795 2524 magni
816 2443 968 2526 rajvmae
989 2441 1141 2510 Bossinae
1159 2443 1200 2510 ad
1214 2442 1316 2526 ipsius
1331 2441 1590 2524 requisitionem,

236 2535 273 2596 ut
299 2537 448 2615 „proptor
476 2530 667 2598 discordiam
698 2532 857 2614 vigentem
886 2531 969 2597 inter
998 2548 1071 2596 eum
1100 2535 1133 2596 st
1161 2530 1421 2598 communitatem
1451 2529 1591 2611 Ragusii

235 2636 294 2701 per
316 2619 401 2685 viam
423 2619 521 2685 maris
542 2622 657 2684 neutra
686 2618 825 2702 partium
846 2615 1057 2699 offendatur“‚
1086 2619 1315 2700 respondeatur
1340 2615 1425 2697 „iliis
1447 2615 1593 2684 utiliori-

235 2707 296 2771 bus
319 2711 352 2772 et
374 2703 653 2789 pertinentioribus
675 2704 791 2786 verbis,
815 2723 876 2786 que
898 2702 1032 2788 collegio
1047 2704 1269 2771 videbuntur“.
1292 2704 1434 2770 Dabitur
1467 2721 1593 2786 „opera

235 2809 308 2858 cum
329 2792 493 2894 Raguseia
516 2791 601 2892 quod
629 2809 693 2856 non
722 2791 888 2892 habebunt
914 2791 1017 2858 metas
1042 2797 1100 2858 aut
1125 2791 1222 2860 aliam
1252 2795 1411 2858 armatum
1432 2790 1467 2857 in
1492 2791 1592 2874 mari,

237 2876 1243 3047 nmcffiffiuffingcegbifflfflfflufflsmmim
1266 2963 1422 3048 Stephani
1445 2963 1596 3047 amplius

235 3050 269 3118 in
291 3053 373 3119 mari
395 3053 551 3130 molestet,
583 3052 689 3134 prouti
718 3071 781 3117 non
811 3051 945 3134 pridem,
975 3053 1050 3118 dum
1083 3054 1172 3135 „capi
1193 3052 1315 3120 fecerat
1336 3056 1464 3120 amata
1488 3071 1594 3119 manu

236 3139 407 3222 navigium,
437 3139 471 3204 in
493 3157 555 3220 quo
585 3138 801 3221 reperiebatur
829 3138 959 3220 quidam
988 3139 1199 3207 ambasciator
1228 3139 1332 3220 ipsius
1361 3139 1490 3206 comitis
1513 3157 1593 3207 cum

236 3227 361 3310 magnis
382 3225 594 3294 mercimoniis
615 3226 692 3309 suis,
716 3233 859 3308 quamvis
881 3224 1010 3293 fulcitus
1032 3226 1149 3294 littaris
1170 3227 1320 3296 nostris“.

301 3329 416 3399 noo:
434 3327 548 3396 umine,
566 3327 620 3397 rx,
640 3329 701 3386 aar.

621 3467 717 3536 GMV.
743 3467 836 3550 1451,
862 3467 900 3538 li
923 3467 1025 3546 iunii,
1051 3465 1200 3555 bogusii.

303 3593 421 3659 Rector
451 3611 522 3658 cum
552 3589 685 3658 consilio
715 3593 919 3675 gubernatori
947 3587 1131 3674 Hungariae
1160 3591 1278 3660 ioanni
1300 3591 1453 3676 Hunyadi
1477 3593 1599 3661 scribit

238 3681 490 3747 intercessere:
517 3681 620 3760 „quod
652 3697 777 3746 omnem
805 3697 894 3764 spem
924 3685 1063 3745 nostram
1092 3679 1245 3746 habemus
1274 3679 1308 3745 in
1336 3681 1397 3750 deo
1427 3684 1462 3746 et
1486 3679 1600 3748 excel-

239 3766 341 3832 lentia
362 3771 468 3832 vestra
490 3770 525 3830 et
546 3766 580 3852 in
602 3757 738 3832 adventu
760 3767 859 3850 ipsius
880 3765 921 3832 ad
942 3771 1051 3848 partes
1072 3765 1237 3834 Bossino“.

304 3867 429 3924 Orkicir:
451 3867 693 3938 Diplomatarium,
720 3885 747 3939 p.
765 3869 825 3924 505.
847 3867 955 3924 Eodem
979 3884 1063 3923 sunau
1085 3867 1123 3924 ad
1150 3875 1290 3925 oratorem
1312 3868 1535 3940 sigismundum
1561 3869 1601 3926 de

182 4007 184 4012 Α
240 3937 341 4022 Gorge,
368 3937 417 4006 qui
440 3941 577 4020 procuret,
601 3943 633 3992 ut
657 3953 723 4020 curn
743 3937 898 4020 hungarico
920 3937 1046 4022 erercim
1070 3939 1485 4065 iunffimrexssosnaeruum,
1505 3941 1601 3997 etsie

239 4011 432 4134 ἔιὸιιθιι-ὲιὸθιιοιιι
448 4023 476 4061 m
494 4023 635 4076 regionem
660 4005 740 4062 duma
764 4007 908 4078 Stepham,
931 4023 949 4063 ι.
972 4023 996 4063 e.
1022 4025 1066 4064 am
1083 4007 1111 4062 D
1227 4015 1256 4065 et
1274 4007 1452 4065 Ghelmume.
1469 4009 1550 4066 Ibid„
1570 4027 1600 4084 p.

646 4214 760 4282 cmvi.
787 4215 881 4297 1451,
903 4215 1016 4303 Junlo,
1039 4217 1169 4288 Romae.

307 4337 458 4404 Nicotaus
487 4335 550 4404 PP.
582 4337 639 4403 IV.
673 4337 867 4422 Stephanum
898 4337 1055 4424 (Volscio),
1085 4341 1233 4410 comitem
1255 4342 1347 4425 regni
1370 4342 1510 4425 Bosnac,
1537 4344 1599 4427 qui

243 4424 438 4492 tardiorium
459 4425 643 4507 ragusinum
663 4429 750 4490 moto
780 4424 864 4491 bello
886 4425 1106 4510 depraedatur,
1134 4445 1307 4512 omnesque
1330 4428 1422 4516 alios,
1447 4431 1479 4500 ei
1502 4431 1600 4501 auri·

242 4510 322 4577 lium
344 4517 552 4593 praestantes,
575 4511 887 4579 excommunicandos
911 4513 1063 4580 deceruit.

309 4596 403 4664 Circa
424 4597 646 4664 defensionem.
670 4599 742 4665 Dat
766 4599 872 4665 Rome.
896 4623 1032 4668 noceor.
1055 4625 1076 4668 v
1097 4601 1169 4670 idus
1192 4603 1282 4672 Junii
1304 4623 1359 4672 an.
1377 4629 1412 4672 n.

308 4699 441 4756 Πείσωνι
460 4699 587 4757 Horum.
605 4699 713 4758 slavor.
730 4700 903 4757 meridional.
919 4705 985 4759 tom.
1003 4703 1028 4772 I,
1046 4721 1074 4776 p.
1090 4705 1152 4762 408.
