3410 5258
1416 327 1478 389 2⁷5

131 531 229 595 antea
251 525 376 613 capella
396 529 466 610 luit,
491 549 561 598 cum
584 531 786 616 paramentis,
810 509 971 614 calicibus,
994 530 1094 615 libris,
1118 526 1272 614 crucibus,
1295 529 1477 611 thuribulis,

130 617 330 682 ornamentis
352 622 385 684 et
406 617 549 700 reliquiis
571 623 605 684 et
627 619 773 687 omnibus
795 617 868 684 aliis
897 617 1040 702 predicte
1061 617 1202 700 ecclesie,
1227 618 1305 702 ipsis
1328 617 1480 683 iratribus

129 701 235 784 sancfi
256 702 417 770 Francisci
440 705 480 770 de
501 705 704 773 observantia
725 705 841 772 vicarie
857 705 961 771 Boane
976 705 1121 772 dedimus
1143 707 1176 770 et
1190 702 1390 782 contulimus,
1407 719 1480 784 ymo

129 803 190 886 per
212 795 380 872 presentes
408 791 521 858 damnus
551 797 585 856 et
613 791 814 874 maternus,
844 792 992 875 ipsosque
1021 789 1138 858 iratres
1166 791 1284 857 vicarie
1314 789 1419 856 Boane
1445 788 1479 854 in

128 891 201 956 npso
224 873 364 942 deamo
386 878 557 960 posuimus,
581 883 618 944 ut
639 879 761 962 possint
782 884 816 946 et
837 877 966 944 valeant
988 877 1022 942 in
1044 878 1112 961 ipso
1135 877 1275 944 residere
1298 881 1331 942 et
1353 877 1393 942 de
1408 877 1479 956 ipso

130 959 275 1028 ehueuo
297 961 404 1030 vivere
426 968 459 1030 et
480 963 657 1047 disponere,
679 965 772 1032 sicuti
795 963 916 1032 iaciunt
938 966 977 1030 de
999 961 1072 1030 aliis
1094 963 1299 1030 conventibus
1314 962 1374 1030 vibi
1395 962 1477 1026 anti·

128 1045 241 1126 quitus
263 1046 397 1115 cellatis.
428 1049 578 1117 Preterea
607 1050 842 1118 considerantes
872 1051 957 1132 quod
987 1050 1021 1116 iu
1050 1049 1119 1116 dies
1150 1053 1310 1116 crescente
1340 1047 1423 1114 iuria
1446 1051 1478 1114 et

126 1131 298 1200 invasione
320 1135 495 1202 'lurcorum
517 1138 596 1204 adeo
627 1143 702 1204 sunt
730 1138 889 1221 provincia
917 1137 1160 1218 circumquaque
1185 1133 1327 1202 dmolete
1349 1140 1382 1200 et
1403 1151 1476 1216 spu-

127 1216 221 1305 liate,
243 1221 329 1302 quod
350 1221 539 1303 elemosinis,
562 1229 599 1289 ut
613 1224 710 1290 moris
733 1229 793 1306 est,
816 1224 929 1304 vivere,
946 1223 1004 1289 eti
1026 1240 1096 1288 aum
1111 1220 1283 1288 claustrum
1298 1239 1356 1304 pro
1371 1220 1478 1288 debito

127 1304 219 1372 cultu
242 1308 359 1393 divino,
382 1309 501 1392 absque
523 1310 586 1376 alio
607 1309 757 1388 subsidio,
780 1310 956 1393 gubernare
982 1244 1184 1390 niueumque
1207 1312 1383 1389 nequeant:
1406 1308 1478 1372 ideo

128 1405 172 1458 ue
188 1394 386 1478 temporibus
402 1395 527 1480 nostris,
543 1399 600 1462 aut
614 1397 705 1463 nohis
719 1397 759 1464 ab
775 1397 835 1462 hac
849 1397 919 1462 luce
934 1395 1168 1478 decedentibus,
1184 1394 1287 1478 ipsum
1304 1392 1478 1460 claustrum

127 1477 225 1546 beate
247 1479 347 1546 Maria
369 1481 502 1565 virginis
524 1488 653 1568 propter
675 1481 833 1550 deiectum
855 1501 962 1548 rerum
985 1481 1233 1550 uecemariarum
1253 1480 1294 1548 ed
1309 1480 1369 1546 hoc
1385 1481 1477 1546 deve-

127 1563 226 1644 niret,
261 1567 345 1648 quod
375 1571 549 1636 sustentari
582 1577 640 1636 aut
671 1568 845 1652 reformari,
876 1569 1043 1652 cultusque
1080 1568 1205 1636 dvinus
1239 1567 1378 1633 exerceri
1413 1585 1474 1631 non

129 1655 252 1732 posset,
277 1671 334 1734 pro
356 1655 587 1723 sustentatione
617 1656 751 1739 predicti
778 1653 919 1736 claustri,
941 1655 982 1722 de
1005 1655 1095 1721 bonis
1117 1654 1235 1720 nostris
1257 1652 1322 1720 tale
1344 1652 1475 1718 fecimus

128 1737 346 1805 sublevamen.
371 1741 495 1808 Primo:
519 1747 691 1825 proventus
720 1748 753 1808 et
782 1741 995 1808 emolumenta
1017 1741 1155 1807 omnium
1182 1744 1385 1823 apotecarum
1407 1737 1476 1804 fieri

127 1823 298 1892 aohtarum
320 1844 353 1890 nn
376 1835 510 1896 curcurtu
531 1847 632 1912 rpsrus
662 1825 794 1896 ecclesie
815 1829 908 1895 beate
928 1827 1040 1909 Maria,
1070 1827 1102 1894 in
1125 1827 1272 1893 omnibus
1294 1826 1392 1908 ipsius
1415 1823 1476 1890 vir·

126 1909 643 2070 nutriremur-‘tlh
659 1913 1476 2082 btmtrmttttntbhtblttitt

128 2102 229 2165 pones
252 2101 341 2151 mare
363 2085 396 2150 in
418 2084 748 2190 testonassumptionis
770 2087 902 2170 virginis
918 2087 1018 2155 llarie
1032 2085 1264 2162 indifferenter,
1279 2085 1358 2150 item
1381 2102 1490 2162 unam,

126 2169 523 2358 cambutta
545 2172 1475 2344 r'‘rrrlceturcrcrrrcnurncr

126 2349 261 2422 mentum
283 2343 361 2410 item
383 2344 514 2412 totalem
535 2347 741 2415 medietatem
763 2347 999 2432 provenientem
1027 2364 1064 2410 er
1087 2345 1210 2411 duobus
1231 2341 1420 2409 molendinis
1443 2347 1476 2408 et

126 2446 193 2496 uua
215 2434 312 2512 stupa
333 2429 509 2514 vulgariter
532 2439 723 2520 nuncupata,
738 2435 928 2501 tenemento
943 2451 1039 2516 super
1053 2429 1183 2499 fluvium
1197 2430 1341 2496 dividens
1356 2429 1475 2495 Becem

125 2519 161 2582 et
183 2515 290 2600 ipsum
313 2522 453 2585 castrum
474 2525 618 2586 nocuum
652 2519 803 2601 Tersath3
834 2521 912 2588 item
941 2538 1038 2585 unam
1060 2517 1166 2584 villam
1193 2521 1332 2582 nostram
1356 2515 1475 2581 Cothor

124 2609 276 2672 vocatam
298 2601 332 2670 in
353 2606 553 2690 pertinentiis
582 2605 730 2674 Viuodoli
762 2606 905 2674 habitem
936 2623 1007 2673 cum
1028 2605 1174 2671 omnibus
1195 2602 1283 2670 illius
1306 2599 1383 2668 ville
1406 2619 1473 2667 cea-

124 2688 526 2790 sionibusioBagionibus,
541 2693 802 2776 possessionibus,
829 2692 941 2779 pratis,
956 2691 1055 2773 silvis,
1071 2691 1166 2758 terrie
1181 2687 1365 2786 arabilibus,
1381 2685 1476 2786 cultis

124 2779 159 2841 et
181 2775 323 2858 monitus,
345 2778 456 2864 vineis,
478 2779 612 2856 rubetis,
643 2779 739 2863 agris,
762 2797 979 2861 aquarumque
1008 2778 1203 2860 decursibus,
1230 2773 1419 2840 molendmls
1442 2779 1476 2839 et

124 2877 241 2930 eorum
261 2861 341 2929 locis
361 2865 403 2931 ad
424 2863 528 2948 ipsam
558 2863 667 2932 villam
696 2865 815 2932 Oothor
843 2864 1075 2948 pertinentibus
1101 2869 1134 2930 et
1156 2883 1195 2928 ex
1216 2863 1285 2946 ipsa
1307 2858 1475 2944 provenire

125 2948 167 3014 de
189 2949 261 3014 iure
283 2949 481 3036 debentibus,
504 2949 586 3018 nihil
608 2951 688 3020 iuria
709 2950 851 3034 nihilque
873 2951 1079 3034 proprietatis
1101 2949 1134 3015 in
1156 2949 1226 3032 ipsa
1248 2945 1325 3013 villa
1346 2949 1381 3012 et
1403 2945 1474 3012 eius

125 3033 308 3102 abuentiis
328 3037 499 3104 medietate
521 3057 646 3122 quoque
668 3037 802 3106 duorum
825 3037 1076 3104 molendinorum
1098 3041 1131 3104 et
1153 3039 1245 3116 stupe
1271 3031 1414 3115 predicte
1437 3049 1475 3098 ec

124 3121 331 3204 pertinentiis
353 3123 455 3207 ipsius
476 3123 599 3205 capelle
621 3143 646 3192 s.
678 3123 842 3192 Laurentii
869 3130 903 3190 et
923 3123 1143 3191 emolumentis
1165 3119 1305 3186 omnium
1327 3123 1473 3200 apoteca-

123 3224 198 3272 rum
221 3205 290 3275 lieri
313 3208 479 3276 solimum
513 3211 547 3276 in
569 3211 689 3279 ambitu
721 3207 854 3278 ecclesie
875 3210 968 3278 beate
994 3209 1106 3290 Maria,
1129 3208 1162 3274 in
1185 3205 1330 3274 omnibus
1353 3203 1474 3270 festivi·

123 3293 249 3364 tatibus
271 3295 382 3382 ipsius,
404 3315 463 3364 nec
484 3297 543 3381 (in)
574 3297 746 3364 medietate
768 3295 858 3363 totali
879 3301 911 3364 et
936 3293 1156 3362 indifferenter
1178 3291 1373 3376 prefatorum
1396 3309 1474 3354 nun-

123 3379 286 3462 dinarum,
309 3401 367 3466 pro
396 3383 486 3450 nobis
516 3389 549 3451 et
578 3385 714 3467 posteris
743 3383 861 3450 nostris
889 3379 1184 3462 successoribusque
1206 3377 1346 3462 ipsorum
1368 3395 1471 3442 rescr-

122 3473 246 3551 vantes,
271 3486 376 3551 neque
396 3487 595 3538 reservamus
625 3469 706 3556 (sed)
738 3487 830 3536 omne
852 3469 902 3536 ius
924 3473 957 3535 et
978 3485 1101 3534 omnem
1129 3465 1358 3541 auctoritatem,
1389 3463 1473 3543 quod

123 3558 157 3620 et
181 3572 281 3636 quam
303 3555 337 3620 in
359 3555 436 3638 ipsis
458 3555 491 3622 iu
513 3561 608 3624 anteo
637 3553 805 3624 habuimus
834 3563 868 3622 et
888 3555 1095 3638 imposterum
1117 3551 1234 3618 habere
1260 3566 1470 3633 speraremus,

122 3639 203 3723 ipsis
225 3639 377 3708 lrrtribus
399 3643 439 3710 de
460 3643 663 3712 observantia
695 3642 812 3710 vicano
834 3641 936 3706 Boane
958 3639 1099 3724 predicte
1121 3637 1161 3704 ad
1183 3637 1334 3704 vestitum
1358 3640 1392 3701 et
1414 3635 1470 3702 ho·

122 3726 227 3793 bitum
250 3727 456 3812 predicteque
478 3730 520 3797 ad
541 3731 658 3798 victm
681 3727 881 3812 eorumque)
903 3727 1166 3794 sustentationem
1193 3724 1338 3789 dedimus
1361 3727 1394 3788 et
1416 3723 1472 3787 do·

122 3813 273 3882 ravimus
295 3819 329 3881 et
350 3814 580 3898 msignavimus
598 3817 670 3899 jure
691 3818 843 3898 perpetuo
859 3818 893 3879 et
907 3809 1120 3890 irrevocabiii;
1144 3810 1346 3876 medietatem
1362 3813 1471 3874 autem

122 3901 367 3982 provenientem
396 3921 434 3968 ex
455 3901 627 3969 medietate
658 3902 870 3968 nundinarum
899 3897 1094 3982 prelatorum
1117 3899 1158 3964 ad
1180 3897 1307 3964 habitus
1329 3895 1471 3977 ipsorum

122 3985 272 4061 uanum
296 3985 391 4054 eham
415 3993 520 4054 autem
543 3987 746 4055 medietatem
768 4005 807 4052 ex
821 3985 1031 4070 preinscripta
1046 3983 1218 4051 medietate
1234 3981 1472 4066 provenientem

122 4074 164 4140 ed
187 4071 343 4140 auxilium
365 4071 546 4156 lampadum
577 4079 609 4140 et
635 4073 843 4158 provisionem
876 4071 938 4138 olei
970 4078 1003 4138 et
1032 4070 1187 4138 librorum
1219 4067 1350 4135 ecclesie
1376 4068 1472 4133 beate

122 4158 226 4228 llario
260 4159 393 4242 virginis
422 4159 574 4243 predicte.
604 4159 685 4226 item
715 4161 756 4228 de
784 4157 983 4242 pertinentiis
1012 4163 1046 4224 et
1067 4157 1223 4224 reditibus
1252 4155 1348 4222 castri
1370 4151 1472 4218 nostri

121 4243 251 4314 Becher
278 4251 405 4313 centum
433 4243 533 4312 libras
562 4245 737 4314 solidorum
768 4251 801 4311 et
830 4245 939 4312 decem
968 4243 1078 4327 modia
1106 4241 1172 4310 vini
1202 4259 1348 4308 mensure
1370 4238 1472 4322 ipsius

121 4330 186 4400 loci
206 4351 274 4400 una
295 4349 366 4399 cum
389 4337 525 4414 quatuor
546 4331 691 4400 domibus
712 4329 957 4416 Morlechorum,
983 4348 1040 4414 per
1061 4349 1118 4396 nos
1142 4329 1190 4395 eis
1213 4328 1469 4401 coustitutomm,

5 4415 7 4428 ‘
122 4435 186 4500 que
208 4423 348 4502 quatuor
376 4419 490 4486 domus
511 4417 590 4502 ipsis
621 4417 787 4486 couventui
817 4425 850 4484 et
871 4417 1024 4485 fratribus
1050 4415 1121 4496 hiis,
1145 4433 1216 4481 cum
1239 4413 1354 4496 quibus
1377 4411 1469 4477 nobis

122 4509 156 4570 et
178 4509 286 4572 orabo
309 4510 417 4572 nostm
438 4504 563 4572 Becher
585 4503 722 4572 fideliter
736 4505 926 4579 serviebant,
943 4503 1063 4570 servire
1078 4507 1244 4570 teneantur
1258 4506 1291 4566 et
1307 4499 1347 4565 de
1362 4503 1470 4564 cetero

122 4591 188 4659 sint
209 4590 354 4676 obligati.
377 4591 506 4674 Nosque
535 4609 594 4660 nec
624 4591 804 4676 quempiam
833 4587 1014 4658 officialium
1045 4595 1223 4656 namuurum
1256 4585 1469 4652 etheredum

125 4678 288 4764 opimant,
311 4677 373 4746 uisi
394 4677 481 4761 ipsos
503 4677 690 4762 gmdhnum
719 4682 752 4744 et
780 4675 896 4746 iratres
924 4676 1026 4761 ipsius
1054 4675 1115 4743 loci
1137 4675 1230 4742 beate
1253 4671 1369 4810 itania*
1386 4670 1468 4736 Item
