3428 5256
1406 354 1467 417 lit

17 573 18 576 ’
115 555 210 625 ribus
231 556 488 641 communicasse,
511 575 550 626 ac
571 570 693 626 meram
716 555 943 626 eucharistiam
973 575 1031 626 nec
1053 575 1115 626 non
1137 556 1326 642 mngmnem
1347 556 1470 626 domini

114 645 222 712 nostri
243 645 326 712 Jesn
348 643 468 712 Christi
491 645 522 711 in
545 646 734 727 quibusdem
756 645 872 728 bursis,
896 643 1044 712 abintus
1066 645 1137 728 pice
1151 645 1325 726 subductis,
1348 641 1468 714 acollo

114 733 339 815 pendentibus,
361 749 420 816 per
441 731 620 800 huiusmodi
651 731 824 818 dampnata
845 729 979 800 latibula
1005 730 1158 800 detnhsae
1181 736 1214 799 et
1236 731 1389 816 plurimos
1411 751 1468 800 no·

116 822 237 886 cturno
258 820 293 885 in
314 817 444 886 silencio
466 819 508 884 ed
529 819 745 886 huiuscemodi
766 817 930 904 prophane
951 817 1022 887 loca
1037 823 1238 887 transeuntes
1270 817 1468 905 prohdolor,

113 907 222 988 ipsum
245 907 432 988 sangninem
453 905 573 972 domini
596 907 696 972 nostri
718 905 796 973 Jesn
819 905 937 972 christi
960 923 1055 989 snper
1077 923 1111 972 ee
1133 910 1167 972 at
1188 869 1375 974 indumenta
1389 904 1466 975 effu·

115 992 216 1072 disse,
238 993 285 1059 ito
315 996 352 1058 nt
381 992 481 1058 eciam
512 995 546 1057 in
576 990 790 1060 calceamemo
818 991 959 1076 ipsorum
986 1010 1088 1076 nsque
1118 993 1301 1074 necuere,
1324 997 1358 1061 et
1379 997 1469 1063 terre

114 1078 234 1146 exinde
255 1097 319 1145 non
341 1078 545 1146 mediocriter
573 1085 805 1163 aspergeretur.
834 1077 925 1146 Alios
954 1079 1054 1146 eciam
1085 1097 1147 1146 non
1179 1081 1318 1146 modicos
1340 1097 1468 1149 amores

114 1163 196 1231 fidei
218 1163 377 1233 katholico
392 1164 568 1232 mattarios
583 1165 736 1248 comperit
752 1165 927 1233 manifeste.
944 1165 1030 1245 Quos
1045 1166 1174 1248 quidem
1188 1166 1348 1234 hereticos
1359 1167 1470 1236 habita

116 1251 290 1334 superinde
310 1249 543 1320 deliberacione
574 1257 759 1336 promoturo
791 1251 920 1336 dignam
951 1253 1178 1320 demeritornm
1208 1271 1338 1320 suornm
1360 1254 1468 1322 subire

116 1335 196 1404 iecit
217 1335 385 1415 ulcionem,
408 1337 517 1422 sicque
538 1339 626 1422 ipsos
649 1343 682 1405 et
703 1357 814 1408 eornm
835 1339 978 1408 fautores
1000 1338 1109 1408 taliter
1124 1339 1189 1406 mm
1204 1339 1365 1423 muniuit,
1381 1359 1470 1408 erro·

116 1442 234 1508 reaque
267 1427 427 1508 predictos
459 1443 517 1508 per
550 1429 659 1493 sancte
692 1425 921 1508 predicacionis
955 1427 1087 1493 uerbum
1121 1430 1154 1494 et
1187 1425 1251 1494 elia
1289 1431 1468 1512 opportuna

116 1509 260 1578 remedio
283 1511 464 1596 extirpamt,
495 1516 531 1581 nt
561 1511 705 1598 dyocesis
735 1513 879 1595 predicta
909 1531 944 1580 aa
965 1513 1030 1580 iem
1051 1511 1176 1596 laqueis
1198 1513 1324 1596 dyaboli
1347 1515 1465 1597 mndet

117 1597 306 1681 mpeditam.
329 1599 379 1664 Na
402 1603 510 1665 antem
531 1597 711 1666 huiusmodi
733 1598 926 1684 peramplius
948 1599 981 1665 in
1004 1599 1090 1668 dicta
1112 1598 1237 1683 dyocesi
1260 1599 1337 1668 oriri
1354 1599 1465 1685 possit,

118 1686 260 1768 ydoneos
281 1703 340 1768 per
369 1685 515 1753 unitates
537 1691 569 1752 et
590 1685 670 1768 loca,
701 1687 756 1768 qui
778 1686 915 1754 sollicite
936 1685 1059 1772 (super)
1089 1685 1269 1753 huiusmodi
1299 1688 1469 1770 negocium

117 1770 253 1854 vigilare
275 1771 421 1852 debeant,
450 1772 625 1857 deputauit
655 1772 699 1838 Et
728 1771 789 1838 nisi
820 1773 882 1856 ipsi
911 1773 1036 1856 dyocesi
1066 1791 1125 1858 per
1148 1771 1180 1841 S.
1204 1773 1243 1840 V.
1266 1773 1306 1840 de
1327 1791 1465 1858 persona

117 1857 220 1940 mnus
243 1855 352 1926 ironis
373 1858 484 1926 docobi
508 1864 574 1925 mm
598 1859 744 1927 celeriter
766 1864 895 1942 nmque
916 1858 1089 1928 salubriter
1111 1858 1273 1943 prouisum
1297 1859 1463 1943 extitisset,

118 1949 155 2010 nt
176 1945 239 2029 ipsi
261 1945 396 2012 heretici
418 1947 612 2028 asserebant,
634 1946 700 2013 iam
722 1947 763 2012 ed
785 1964 875 2014 arma
896 1965 932 2014 ae
951 1947 1176 2029 prominebant
1191 1951 1288 2030 atque
1303 1947 1467 2031 pontifices

118 2031 205 2115 (cnm
227 2031 328 2117 clero)
351 2031 525 2100 miserabili
545 2033 614 2100 neci
636 2031 765 2100 tradere
787 2034 992 2119 conabantur,
1016 2033 1157 2100 deterius
1171 2051 1235 2100 non
1249 2033 1355 2100 minus
1371 2052 1467 2116 qnam

118 2119 151 2183 in
173 2119 320 2202 partibus
341 2117 502 2205 Bohemia,
526 2119 567 2187 ad
598 2119 737 2202 qnalibet
767 2117 881 2187 illicita
908 2120 942 2186 in
965 2125 1127 2204 posterum
1149 2119 1374 2188 committenda
1395 2121 1466 2188 fieri

119 2210 253 2288 possent
268 2205 483 2288 procliviores.
506 2205 715 2291 Quapropter,
739 2207 821 2273 boue
839 2211 939 2292 poter,
962 2205 1176 2290 supplicamus
1191 2205 1223 2274 S.
1240 2206 1278 2273 V.
1302 2226 1364 2290 qne
1379 2207 1469 2276 nouit

118 2310 200 2374 aqua
222 2291 315 2360 unce
338 2291 550 2360 etmalorum
572 2291 759 2361 offensiones
789 2297 824 2360 et
853 2295 1007 2360 bonorum
1028 2295 1145 2360 marite
1167 2293 1334 2375 nntinare,
1357 2294 1469 2362 humo·

117 2384 212 2444 tenus
234 2377 405 2464 prouoluti‚
430 2385 587 2462 quatenus
608 2399 666 2465 pro
688 2379 786 2448 tenda
808 2377 988 2463 nbbnmne
1015 2381 1115 2464 ipsius
1136 2378 1245 2448 ineis
1267 2379 1380 2448 Jacobi
1401 2399 1469 2448 me-

116 2465 189 2531 ritis
219 2463 367 2548 gloriosis
399 2485 446 2534 nc
474 2467 578 2548 ipsum
610 2467 727 2534 debeas
756 2467 855 2534 oculis
884 2467 1014 2552 pietatis
1045 2467 1213 2550 respicere,
1243 2471 1280 2535 ut
1308 2467 1387 2550 ipse,
1411 2467 1467 2552 qui

117 2552 274 2620 cribranit
295 2553 446 2638 triticum,
471 2571 512 2620 ne
534 2553 702 2622 damnetur
723 2571 795 2622 cnm
824 2551 933 2638 paleis,
956 2553 1040 2638 quod
1062 2554 1094 2620 lu
1118 2551 1234 2639 (curie)
1256 2553 1288 2622 S.
1312 2554 1351 2622 V.
1374 2573 1468 2639 expo-

116 2640 257 2706 nendum
278 2639 313 2705 iu
335 2641 546 2721 peticionibus
568 2641 643 2725 suis,
668 2659 748 2723 quas
770 2639 916 2708 tortuosis
931 2641 1021 2708 duxit
1040 2641 1257 2724 porrigendas,
1281 2659 1316 2708 sa
1330 2643 1469 2724 madeat

117 2725 321 2808 exauditnm3
344 2725 376 2792 S.
400 2736 508 2794 antem
530 2727 569 2793 V.
591 2745 702 2796 saum
732 2733 765 2796 st
789 2727 976 2795 incolumem
1000 2745 1186 2796 demersere
1207 2727 1355 2810 dignetm
1377 2725 1467 2797 eltis·

117 2812 219 2880 simus
241 2813 284 2880 od
305 2813 448 2896 regimen
471 2811 603 2882 aoclano
624 2833 682 2882 sue
702 2818 812 2882 sancte
834 2833 892 2899 per
912 2819 1059 2899 tempora
1078 2812 1230 2898 longiora.

182 2915 214 2983 S.
239 2916 381 2985 mem
403 2917 510 2986 deuoti
533 2921 676 2986 oratores
698 2917 796 2986 vestri
818 2917 993 3002 capitulum
1014 2916 1146 2986 ecclesie
1168 2916 1338 2986 titulensis.

181 3019 227 3075 Ex
245 3019 376 3092 exemplo
394 3019 552 3092 synchrono
577 3022 607 3076 in
632 3020 751 3078 tabular.
769 3026 895 3078 convent
919 3020 995 3078 nan.
1012 3021 1112 3079 minor.
1129 3020 1203 3078 della
1220 3020 1303 3079 Nora
1322 3020 1463 3094 Neapolit

459 3195 638 3264 DOOXGII.
665 3195 758 3283 1440,
783 3195 802 3266 t
824 3194 947 3281 Hamil,
971 3195 1120 3283 Rogant

184 3318 360 3386 Commune
389 3319 570 3402 ragusinum
599 3318 765 3388 Elisabeth
794 3319 925 3403 reginae
955 3319 1138 3404 Hungariae
1164 3317 1204 3386 od
1226 3315 1466 3402 requisitionem

113 3405 227 3489 ipsine,
250 3412 288 3474 nt
310 3406 463 3488 Rognsini
496 3411 655 3490 ,casuum
686 3405 788 3474 Olmis
819 3407 860 3474 ad
889 3425 1003 3473 manuus
1033 3424 1109 3474 aues
1137 3405 1323 3490 recipiebat,
1353 3403 1462 3492 refert,

114 3493 200 3574 quod
224 3493 379 3579 ,rotrodo
401 3491 590 3576 Stephanus,
614 3512 712 3578 nepos
734 3493 810 3561 olim
832 3491 985 3579 Sendaffi,
1016 3510 1088 3560 enm
1110 3491 1232 3577 potanti
1254 3497 1287 3559 ot
1308 3491 1464 3561 immenso

113 3579 266 3662 exercitu,
290 3584 358 3645 tam
379 3597 508 3648 suorum
531 3599 625 3663 quem
648 3579 824 3648 deinomm
845 3579 923 3660 eius,
939 3579 995 3662 qui
1018 3581 1052 3646 in
1074 3577 1218 3648 favorem
1233 3579 1301 3646 aius
1316 3581 1464 3666 esistunt,

112 3664 220 3750 ipsum
242 3673 383 3732 castrum
405 3665 512 3734 Olmie*
528 3666 741 3752 personaliter
762 3667 925 3734 obsessum
948 3669 1087 3734 onear.

186 3767 311 3824 mmet:
328 3767 563 3840 Diplomaterlum
581 3787 608 3840 p.
626 3767 757 3826 428-30.
775 3769 810 3824 In
828 3769 910 3824 simili
927 3768 1001 3826 mun
1019 3769 1134 3828 Matheo
1151 3769 1187 3826 de
1204 3769 1342 3828 Tellorce.

354 3943 549 4014 occxoffl.
586 3941 680 4027 1440,
704 3941 722 4012 7
746 3940 833 4030 licii,
857 3941 952 4014 Nevit
974 3941 1011 4013 in
1033 3941 1226 4016 brandea

182 4063 370 4151 Stephanus,
393 4067 518 4136 Bonum
537 4085 672 4153 magnus
687 4067 849 4152 vojevoda,
865 4063 971 4133 attilii
986 4063 1139 4136 Vlediear
1153 4071 1187 4134 et
1201 4065 1329 4149 Vlatko,
1345 4065 1463 4151 scripto

16 4227 17 4230 Ἴ
117 4152 305 4222 nommant
327 4173 362 4220 ee
383 4155 542 4236 accepisse
572 4175 592 4222 a
620 4153 793 4238 Ragueinis
815 4171 940 4221 omnem
962 4153 1127 4238 pecuniam
1154 4153 1238 4237 apud
1261 4172 1315 4221 eos
1337 4154 1461 4240 deposi-

132 4259 193 4321 sm,
214 4247 344 4324 praeter
364 4265 410 4307 m
431 4241 534 4309 millia
555 4259 724 4308 aureorum
759 4239 894 4324 Scripsit
915 4257 942 4308 c.
965 4239 1113 4310 Velamen
1139 4240 1283 4324 Jugovie.

179 4342 229 4398 Dr.
246 4344 300 4400 Fr.
317 4343 467 4401 Minoae:
484 4343 612 4401 Mounm.
631 4342 746 4412 sarbiae,
764 4359 793 4416 p.
809 4343 871 4400 403.

441 4517 639 4587 ocoxcw.
665 4517 758 4603 1440,
781 4516 801 4587 0
824 4517 910 4602 linit
932 4517 1134 4590 llorentlac.

182 4639 345 4724 Eugenins
375 4640 437 4708 ΡΡ.
469 4639 526 4709 IV.
559 4641 634 4711 dato
661 4639 756 4708 Brevi
786 4641 827 4708 ad
850 4641 1046 4726 Dionysium,
1070 4637 1264 4710 cardinalem
1286 4657 1311 4706 a
1334 4637 1461 4724 cyriaci

144 4727 327 4814 rThermia,
359 4735 392 4796 et
426 4729 590 4813 episcopos
621 4729 841 4797 reomensem
870 4733 904 4796 et
937 4728 1175 4810 ..veezhienoem'¹
1207 4726 1360 4812 wncadit,
1383 4732 1462 4794 uto

218 4857 303 4902 arose
327 4857 415 4902 nm.
1317 4834 1358 4899 12
