3410 5258
1396 288 1455 350 297

112 486 257 556 fidelium
281 489 485 556 servitiorum
510 490 659 573 gratuitis
689 490 812 558 meritis
834 488 937 557 fidelis
959 491 1058 557 nostri
1080 489 1261 574 spectabilis
1284 494 1317 556 et
1339 491 1458 574 magni-

113 574 164 641 dci
188 577 323 642 Martini
357 578 397 643 de
429 577 686 660 Frangepanibus
721 576 842 660 Segnia,
877 576 999 658 Veglie,
1031 578 1207 644 Modrussie
1234 577 1367 663 comitis,
1391 583 1458 642 tum

113 680 189 728 uero
214 669 343 745 gratum
365 663 517 730 habentes
539 683 723 748 responsum
745 665 785 730 ad
809 662 895 730 illam
910 664 1156 746 dispositionem,
1173 682 1267 746 quam
1283 664 1372 730 nobis
1387 682 1458 730 cum

113 767 212 831 super
234 749 438 816 devolutione
462 770 515 816 ser
539 759 716 817 castrorum
738 769 867 816 suorum
894 759 965 832 post
987 757 1121 816 mortem
1143 769 1233 817 suam
1256 753 1296 817 ad
1320 756 1459 817 nostram

112 835 320 903 maiestatem
351 837 419 903 fieri
450 837 640 917 debentium,
673 837 780 919 uigore
809 837 985 902 litterarum
1017 857 1145 903 suarum
1176 837 1459 920 inscriptionalium

111 921 200 1002 iecit,
226 941 362 1005 quorum
385 929 530 1006 pretextu
554 925 717 1006 cupientes
739 925 842 1008 ipsum
865 925 1010 989 comitem
1034 923 1206 989 Martinum
1229 923 1335 990 lavore
1352 931 1460 991 nostro

113 1011 269 1091 prosequi
302 1010 451 1092 gratioso,
487 1016 523 1076 ut
560 1011 628 1076 eius
664 1011 842 1076 humillime
879 1009 1118 1094 supplicationis
1150 1010 1333 1077 instantiam
1368 1011 1458 1077 nobis

111 1101 286 1178 propterea
307 1096 422 1169 oblate.
446 1096 478 1163 id
501 1097 530 1162 ei
554 1097 692 1176 gratiose
715 1099 861 1164 duximus
883 1098 1048 1163 annuendo
1070 1097 1134 1162 imo
1155 1097 1323 1164 annuimus
1338 1103 1371 1163 et
1387 1115 1459 1164 con-

112 1183 260 1250 cedimus
282 1184 496 1265 praesentium
519 1185 748 1270 porrigerem,
771 1189 808 1250 ut
829 1189 1005 1266 temporum
1028 1185 1060 1248 in
1083 1201 1240 1266 processu,
1263 1185 1290 1248 si
1313 1184 1388 1266 quid
1404 1186 1459 1251 do·

113 1269 266 1350 madonis,
291 1270 438 1337 fessionis
459 1270 510 1336 rel
532 1269 709 1338 collationis
732 1272 800 1352 ipse
823 1273 863 1336 de
885 1270 975 1336 bonis
998 1275 1031 1336 et
1045 1271 1292 1352 possessionibus
1308 1271 1383 1353 suis,
1399 1289 1461 1352 que

113 1355 202 1424 iusto
224 1357 307 1422 iuris
328 1355 423 1424 titulo
445 1357 595 1438 possidet,
619 1358 757 1441 cuipiam
780 1355 984 1424 familiarium
1006 1375 1134 1424 suorum
1149 1376 1206 1440 pro
1221 1357 1359 1423 servitiis
1374 1359 1457 1440 ipso

113 1460 186 1508 rum
210 1441 332 1524 fecerit,
356 1443 405 1509 vel
429 1444 525 1510 etiam
548 1447 574 1512 si
598 1445 719 1526 aliquid
742 1444 893 1509 debonis
916 1449 948 1510 et
969 1443 1221 1528 possessionibus
1235 1441 1301 1510 suis
1316 1445 1355 1510 ob
1371 1443 1461 1510 roiri-

113 1529 243 1610 gerium
265 1529 370 1596 anime
392 1549 449 1597 sue
472 1531 504 1595 in
528 1537 713 1612 perpetuam
737 1529 940 1596 elemosinam
956 1530 1096 1598 ecclesiis
1111 1535 1143 1596 et
1159 1529 1312 1598 altaribus
1326 1529 1461 1614 largitus

115 1614 227 1702 fuerit,
251 1617 389 1697 demptis
418 1615 613 1683 solummodo
646 1617 778 1700 prefatis
808 1635 863 1682 sex
893 1618 1014 1699 castris,
1046 1636 1107 1699 que
1141 1617 1232 1684 nobis
1265 1617 1359 1684 simul
1389 1637 1460 1684 cum

114 1703 267 1769 omuibus
289 1722 397 1769 eorum
419 1703 618 1787 pertinentiis
641 1723 697 1786 per
719 1703 843 1770 litteras
865 1722 939 1770 suas
961 1705 1122 1787 inscripsit
1137 1709 1170 1768 et
1184 1705 1253 1770 sine
1268 1705 1461 1788 praeiudicio

115 1791 200 1855 iuris
224 1789 325 1856 nostri
347 1791 437 1873 regii,
468 1789 567 1856 libere
596 1789 700 1876 lateri,
734 1791 852 1856 donare
882 1796 914 1856 et
937 1790 1079 1856 conterre
1107 1789 1212 1856 valeat
1234 1796 1329 1872 atque
1351 1794 1460 1873 possit.

115 1876 331 1958 quiquidem
362 1876 501 1956 laesioni,
534 1875 694 1944 collationi
727 1882 759 1942 et
786 1878 946 1942 donationi
976 1879 1043 1942 sive
1073 1876 1234 1959 largitioni
1264 1897 1321 1960 per
1342 1878 1462 1944 dictum

116 1964 269 2030 comitem
291 1963 375 2030 iuste
397 1969 492 2048 atque
515 1963 746 2030 rationabiliter
767 1963 868 2029 fiende
891 1965 1009 2046 eximit,
1033 1967 1066 2028 et
1087 1983 1125 2028 ex
1148 1969 1223 2029 tunc
1245 1965 1327 2029 sicut
1343 1965 1461 2044 eximit,

116 2057 265 2134 nostrum
287 2051 409 2132 regium
432 2069 616 2120 consensum
640 2051 831 2133 prebuimus.
857 2049 920 2116 imo
943 2049 1109 2134 prebemus
1134 2050 1320 2116 benevolum
1343 2053 1463 2132 pariter

116 2141 149 2202 et
173 2155 350 2217 assensum,
380 2135 476 2203 salvis
498 2155 623 2219 semper
652 2138 774 2204 iuribus
796 2135 918 2215 alienis,
943 2137 1057 2203 barum
1079 2137 1258 2202 litteramm
1284 2143 1463 2204 nostrarum

115 2224 231 2303 rigore
253 2229 286 2288 et
308 2224 488 2290 testimonio
510 2225 678 2290 mediante.
710 2224 826 2290 Datum
853 2223 943 2288 Bnde
966 2223 1046 2289 teria
1067 2223 1205 2290 secunda
1228 2225 1370 2306 proxima
1392 2231 1463 2308 post

114 2309 309 2376 dominicam
333 2309 523 2388 Quasimodo
546 2311 601 2395 (13
624 2309 767 2396 Aprilis),
792 2329 873 2376 anno
896 2309 1023 2376 Domini
1054 2309 1220 2376 millesimo
1252 2311 1462 2393 quadringen-

1 2441 2 2446 =
115 2397 233 2462 tesimo
256 2398 488 2479 septuagesimo
511 2397 664 2478 septimo;
687 2415 856 2480 regnorum
886 2403 1064 2463 nostrorum
1088 2397 1250 2478 Hungarie
1273 2416 1354 2464 anno
1376 2399 1462 2480 vige-

115 2485 210 2563 simo,
234 2483 386 2549 Bobemie
408 2501 483 2549 vero
505 2489 625 2550 octavo.

182 2569 252 2636 Nos
275 2571 373 2652 igitur
394 2570 600 2653 petitionibus
623 2569 698 2636 dicti
721 2569 829 2638 fratris
851 2569 982 2636 Martini
1003 2569 1170 2654 guardiani
1195 2575 1374 2651 annuentes,
1391 2588 1464 2652 pre·

116 2657 223 2724 dictas
245 2655 371 2722 litteras
401 2657 597 2724 serenissimi
628 2657 747 2723 domini
769 2658 868 2723 nostri
891 2659 977 2739 regis
993 2657 1039 2722 de
1061 2657 1157 2722 verbo
1181 2655 1222 2721 ad
1244 2657 1374 2722 verbum
1396 2657 1465 2722 sine

116 2743 330 2810 diminutione
352 2748 385 2810 et
406 2749 576 2824 augmento
599 2742 730 2826 aliquali
754 2745 924 2810 transsumi
947 2749 980 2809 et
1002 2743 1181 2828 transcribi,
1201 2743 1463 2824 presentibusque

116 2829 237 2896 litteris
259 2830 377 2896 nostris
406 2829 655 2913 privilegialibus
685 2831 783 2896 inseri
813 2830 953 2909 lecimus,
984 2829 1068 2896 dicto
1092 2829 1184 2896 fratri
1208 2828 1344 2896 blartino
1371 2847 1463 2910 guar·

116 2917 215 2983 diano
245 2935 284 2982 ac
316 2917 469 2982 universis
500 2917 653 2983 iratribus
683 2917 857 3000 supradicti
888 2923 1059 2983 conventus
1089 2918 1235 2982 duximus
1265 2916 1464 2982 concedendo

116 3004 200 3070 iuris
222 3003 367 3085 ipsorum
389 3004 429 3068 ad
451 3001 618 3070 cantelam.
642 3003 761 3069 Datum
783 3002 862 3070 feria
878 3005 986 3086 quinta
1002 3003 1143 3086 proxima
1158 3008 1230 3086 post
1245 3001 1361 3069 testum
1380 3001 1466 3068 beati

118 3089 246 3156 Mathia
270 3087 406 3170 apostoli
429 3091 484 3172 (29
507 3090 685 3172 Febmarii)
710 3109 792 3155 anno
815 3091 933 3156 domini
959 3095 1051 3154 1481.

186 3176 272 3259 Ipsis
294 3177 402 3258 itaque
432 3177 546 3244 litteris
566 3177 766 3260 vpresentatis
795 3181 861 3242 tam
892 3176 1015 3260 prelato
1045 3193 1225 3258 possessore
1258 3176 1466 3241 antelaturum

118 3263 260 3329 iratrum
294 3263 414 3328 ordinis
444 3263 578 3346 predicti
609 3263 736 3340 eisdem,
771 3282 865 3344 quam
899 3263 994 3329 etiam
1028 3261 1244 3346 prenominato
1278 3261 1468 3344 Hieronymo

119 3349 251 3425 Sonilro,
275 3349 337 3415 sibi
359 3367 416 3430 per
438 3367 495 3416 nos
518 3352 549 3414 iu
572 3351 733 3433 premissis
758 3349 909 3416 iudicium
931 3355 964 3416 et
985 3349 1142 3416 iusticiam
1165 3347 1288 3430 preberi
1305 3346 1467 3432 postulan-

119 3437 218 3516 tibus,
243 3454 314 3502 cum
350 3454 406 3502 nos
438 3455 494 3519 per
524 3437 657 3502 eundem
689 3435 806 3502 Sonilro
836 3435 961 3502 litteras
991 3435 1115 3518 regales
1145 3433 1410 3516 impignoratitias
1432 3433 1466 3498 in

118 3523 205 3590 iacto
227 3522 503 3604 impignorationis
526 3527 667 3604 protacta
682 3523 890 3604 possessionis
913 3522 1056 3606 (insane,
1081 3539 1175 3604 quam
1198 3539 1254 3602 per
1269 3521 1389 3603 regiam
1407 3519 1467 3586 cle-

119 3609 277 3675 mentiam
300 3609 361 3674 sibi
388 3613 422 3674 et
450 3609 534 3674 dicto
564 3607 655 3674 tratri
689 3628 745 3674 suo
775 3609 1019 3692 impignoratam
1050 3607 1118 3674 iore
1140 3607 1311 3684 asserebat,
1339 3607 1366 3672 si
1389 3625 1468 3688 quas

119 3714 179 3778 pro
202 3695 254 3760 sui
277 3701 369 3778 parte
391 3694 525 3760 haberet
548 3700 710 3762 emanatas
733 3714 837 3761 coram
855 3696 944 3762 nobis
961 3695 1102 3762 exhiberi
1118 3693 1325 3760 voluissemus
1342 3697 1374 3758 et
1389 3693 1468 3773 legi·
1530 3738 1533 3744 ·

119 3783 199 3848 time
229 3781 513 3863 requisivissemm.
542 3781 624 3849 Item
656 3783 696 3848 ad
728 3787 868 3850 nostram
898 3782 1062 3848 iuridicam
1092 3781 1331 3862 requisitionem
1365 3777 1469 3845 nullas

119 3868 249 3934 litteras
272 3869 539 3950 impignoratitias
561 3869 730 3950 superinde
747 3887 851 3935 coram
867 3869 958 3934 nobis
974 3869 1145 3950 producere
1164 3871 1195 3931 et
1211 3867 1349 3932 exhiberi
1366 3885 1469 3948 posse,

119 3955 179 4021 sed
199 3956 306 4036 ipsam
328 3955 626 4037 impignorationem
656 3955 740 4021 dicte
769 3955 977 4038 possessionis
1004 3954 1139 4021 Grisane
1168 3954 1229 4019 sibi
1252 3952 1368 4019 iactam
1392 3952 1468 4030 lore,

120 4040 323 4108 solummodo
344 4040 481 4123 simplici
503 4041 600 4107 verbo
623 4041 790 4109 referebat.

189 4127 314 4205 Quibus
335 4129 494 4210 perceptis
516 4127 740 4209 tenoribusque
762 4133 976 4211 protectorum
999 4127 1177 4192 litterarum
1200 4145 1257 4208 pro
1276 4129 1367 4206 parte
1389 4129 1422 4188 et
1438 4123 1470 4188 in

122 4214 270 4297 personis
291 4213 445 4280 dictorum
469 4213 605 4281 fratrum
627 4217 720 4280 modo
742 4215 897 4298 premisso
920 4214 1143 4296 productamm
1161 4212 1421 4294 presentibusque
1437 4211 1470 4274 in

123 4300 344 4385 superioribus
375 4299 546 4366 verbaliter
575 4301 769 4367 insertarum
798 4299 960 4367 tenoribus
982 4304 1015 4364 et
1037 4299 1238 4365 continentiis
1266 4297 1413 4380 perlectis
1434 4303 1469 4362 et

122 4407 212 4468 sane,
246 4385 395 4453 videlicet
424 4405 501 4465 sepe
529 4393 647 4455 tactam
676 4387 903 4472 possessiouem
927 4387 1073 4466 Grisane,
1097 4386 1290 4469 applicamus
1322 4384 1356 4448 in
1388 4381 1471 4448 dicto

123 4475 272 4542 districtu
296 4472 436 4540 Vinodol
457 4473 596 4540 habitam
618 4495 656 4541 er
686 4475 839 4556 premissa
868 4473 1038 4540 donatione
1065 4473 1222 4555 quondam
1245 4469 1363 4536 domini
1385 4469 1470 4534 Mar-

122 4561 185 4628 tini
208 4560 332 4626 comitis
362 4579 515 4626 consensu
544 4561 633 4642 regio
664 4561 813 4627 roborata
842 4567 992 4642 tanquam
1023 4577 1144 4626 nrerum
1174 4566 1207 4624 et
1233 4557 1390 4622 sincerum
1421 4557 1471 4620 ius

124 4649 262 4732 preteeti
286 4645 419 4715 claustri
440 4648 533 4714 beate
555 4647 687 4731 virginis
710 4654 743 4713 ot
765 4647 899 4715 fratrum
921 4646 1136 4730 predictorum
1152 4643 1290 4711 claustro
1312 4643 1345 4708 in
1361 4641 1471 4709 eodem
