3394 5266
1418 310 1460 375 29

107 531 176 596 que
198 533 258 597 por
280 515 387 582 sedem
416 512 572 598 prefatam
606 512 724 578 eisdem
745 511 900 580 fratribus
920 511 954 580 ln
976 509 1120 598 partibus
1145 511 1321 580 infidelium
1343 513 1460 582 dicitur

107 619 183 668 esse
206 619 362 668 concessa.
386 600 430 666 Et
450 601 534 682 quod
563 600 622 666 hec
651 601 756 666 omnia
779 600 899 684 possint
921 607 954 666 et
976 600 1114 668 habeant
1141 600 1320 668 sacerdotes
1342 607 1375 668 et
1397 599 1459 668 ole-

106 687 172 754 rici
194 686 370 769 memorati,
394 687 545 768 quamdiu
566 686 691 768 inipso
712 685 830 752 vicaria
852 685 1005 754 Busnensi
1030 686 1069 752 de
1092 683 1222 754 licentia
1244 691 1277 752 et
1295 685 1460 756 uoluntate

105 773 224 840 vicarii
246 772 362 856 prefati
396 777 569 838 morantur.
600 772 700 838 Item:
724 772 815 849 Quod
836 773 967 856 gratias,
990 771 1157 856 privilegia
1181 777 1213 838 et
1234 772 1459 858 indulgentiae,

106 877 176 942 que
191 853 348 941 religiosis
361 860 445 924 inter
461 857 610 926 Tartaros
625 865 657 926 et
671 857 814 926 infideles
830 865 862 924 et
878 857 958 925 alios
973 859 1168 926 scismaticos
1182 877 1240 940 pro
1255 859 1460 944 ampliatione

105 943 189 1012 fidei
219 944 372 1014 catholice
401 943 619 1022 laborantibus
648 946 870 1023 conceduntur,
893 945 991 1012 ebam
1021 945 1092 1012 istis
1122 944 1290 1030 religiosis,
1324 947 1378 1028 qui
1401 965 1459 1030 pro

108 1034 227 1098 eadem
256 1051 359 1112 causa
389 1031 519 1113 inpari
548 1029 698 1114 periculo,
729 1051 791 1096 nou
813 1049 883 1098 cum
906 1030 1081 1098 minoribus
1103 1033 1268 1113 angustiis,
1298 1031 1331 1096 in
1354 1033 1459 1100 Bosna

107 1117 272 1197 laborant,
296 1117 468 1199 dignemini
490 1117 737 1184 misericorditer
769 1117 933 1202 impertiri.
958 1118 1040 1184 Item
1061 1116 1218 1200 supplicat
1240 1118 1325 1185 idom
1347 1119 1458 1202 banus,

109 1205 201 1286 qnod
223 1204 308 1278 dicto
332 1203 478 1271 bonnensi
500 1205 618 1270 vicario
639 1203 812 1285 recipiendi
841 1203 911 1272 loca
933 1221 990 1286 pro
1005 1204 1147 1286 predicta
1170 1205 1287 1270 vicaria
1308 1205 1341 1270 in
1365 1204 1460 1287 villis,

108 1291 229 1358 castris
251 1295 285 1356 et
307 1289 487 1357 cintatibus
508 1290 741 1372 prouinciarum
764 1289 928 1374 Hungaric
951 1295 983 1356 et
1006 1289 1180 1370 Sclavonie,
1203 1290 1236 1356 in
1263 1291 1377 1373 quibus
1402 1309 1460 1358 nec

112 1378 259 1444 eiusdem
281 1377 411 1462 ordinis,
434 1395 493 1443 nso
515 1375 650 1443 aliorum
673 1377 918 1461 approbatorum
940 1375 1085 1442 ordinum
1107 1376 1223 1443 fratres
1244 1377 1362 1444 habant
1377 1377 1457 1459 loca,

108 1465 288 1532 concedere
318 1464 487 1546 dignemini
517 1462 713 1531 bcmtatm.
742 1465 824 1528 Item
852 1462 1011 1546 supplicat
1040 1463 1124 1530 dicte
1157 1468 1263 1530 venue
1296 1463 1460 1532 sanctitati

110 1551 199 1616 idem
223 1551 333 1629 banus,
357 1555 512 1630 quatenus
534 1550 567 1615 in
589 1569 724 1634 persona
753 1549 859 1617 dilecti
882 1549 1038 1632 capellani
1064 1555 1096 1615 et
1118 1549 1225 1616 nuncii
1248 1549 1296 1616 sui
1319 1550 1458 1635 Georgii,

110 1635 250 1703 hominis
273 1637 333 1704 Dei
356 1638 395 1703 do
416 1636 534 1716 Berlin,
558 1635 638 1703 alias
668 1636 745 1702 dicti
768 1639 807 1703 de
830 1634 935 1719 cipro,
959 1635 1128 1720 specialem
1150 1637 1287 1718 gratiam
1309 1637 1460 1704 iacientes

112 1723 220 1790 eidem
242 1722 388 1805 Georgio,
412 1728 522 1806 utpote
544 1723 736 1790 benemerita
758 1727 791 1789 et
814 1723 939 1790 literato
960 1740 1102 1804 persone,
1125 1723 1166 1788 de
1189 1742 1252 1788 uno
1268 1722 1319 1788 uel
1338 1725 1460 1792 duobus

113 1810 277 1876 beneficiis
299 1807 493 1893 simplicibus
524 1808 747 1876 ecelesiasticis
777 1810 845 1874 sine
873 1827 950 1874 cura
980 1808 1166 1875 vacantibus
1188 1809 1229 1875 ad
1256 1827 1386 1893 prosena
1408 1809 1459 1876 rel

112 1896 257 1978 proxime
287 1895 445 1962 vacaturis
475 1895 508 1960 in
542 1895 671 1962 civitate
701 1899 733 1961 et
762 1894 880 1962 diocesi
909 1893 1087 1978 Spalatenai
1117 1913 1218 1976 usque
1247 1896 1287 1963 ad
1316 1894 1458 1962 valorem

115 2000 256 2048 annuum
286 2006 326 2047 nx
354 1980 545 2048 florenorum
572 1981 653 2062 auri,
686 1981 901 2064 spectantibus
931 1981 972 2047 ad
1002 1977 1201 2047 collationem
1230 1981 1459 2064 archiepiscopi

116 2065 331 2150 spalatensis,
365 2068 405 2134 de
437 2066 568 2150 speciali
600 2068 706 2149 gratia
738 2067 912 2150 dignemini
944 2065 1119 2152 providere,
1153 2083 1224 2132 cum
1259 2067 1455 2152 inhibitione,

11 2239 12 2242 Ἴ
114 2153 243 2220 decreto
272 2160 305 2218 et
333 2152 477 2222 clausula
507 2155 663 2222 autefferi.
691 2153 763 2220 Non
793 2154 938 2221 obstante
970 2154 1055 2236 quod
1076 2153 1160 2220 idem
1182 2153 1340 2236 Gsorgius
1367 2173 1460 2221 cano-

115 2239 255 2306 nicatum
285 2245 318 2307 et
338 2241 532 2323 prebendam
553 2241 586 2305 in
617 2240 750 2308 ecclesia
773 2239 961 2325 Spalateusi,
984 2257 1117 2323 quorum
1147 2239 1280 2306 noctus
1297 2241 1394 2306 annui
1415 2265 1460 2306 ru

11 2383 13 2412 ,
115 2323 249 2393 florenos
283 2345 344 2392 non
379 2327 549 2411 attingunt,
581 2331 615 2392 et
651 2327 684 2392 in
714 2325 894 2393 Oollonensi
923 2325 1055 2394 scalena
1092 2325 1194 2392 insule
1228 2325 1331 2392 Rhodi
1368 2345 1459 2394 cano

11 2423 12 2494 ξ
117 2413 266 2496 uicatum,
290 2414 331 2478 do
354 2431 416 2494 quo
439 2412 518 2478 nihil
540 2411 685 2500 percipit,
707 2414 849 2480 noscitur
871 2411 1030 2493 obtinere;
1053 2412 1109 2478 sed
1132 2419 1168 2477 ut
1189 2412 1275 2479 diota
1297 2411 1458 2497 beneficia,

11 2543 12 2604 3
116 2517 175 2584 que
197 2499 320 2599 obtinet
341 2517 500 2600 unacum
521 2499 701 2600 obtinendis
725 2518 781 2600 por
803 2499 898 2598 huius
913 2504 1051 2600 nestram
1065 2499 1201 2598 gratiam
1215 2498 1303 2565 licite
1318 2500 1458 2566 retinere

11 2673 13 2716 =
116 2583 228 2739 tiri
250 2585 1298 2755 lbtit„ttdbritanniis,libidinibns-“nb3
1319 2591 1459 2754 ,stin

118 2763 256 2826 tameat
277 2759 346 2824 sine
369 2759 432 2825 alia
453 2756 597 2825 lectione.

11 2897 13 2924 u
180 2863 306 2946 Sesami:
326 2877 446 2932 Glasnilr
463 2877 531 2933 srbs.
551 2879 629 2934 utcu.
648 2877 769 2933 dmdtva.
789 2877 841 2944 XI,
858 2877 919 2933 412.
943 2877 1049 2932 Wcaael
1067 2879 1200 2931 Ornatas:
1219 2876 1346 2932 Menum.
1360 2876 1457 2947 Hung.

11 2943 13 2956 '
118 2945 243 3003 historica
262 2949 549 3016 (renarrantem.
568 2948 607 3014 11,
626 2964 652 3018 p.
672 2949 730 3004 220.
758 2947 872 3016 lpabid:
890 2947 997 3002 Listine
1014 2947 1053 3014 11,
1071 2945 1132 3001 443.
1149 2945 1357 3004 Documentum
1373 2946 1459 3003 hoece

118 3015 155 3070 ob
172 3015 256 3088 ipsius
273 3016 438 3086 gravitatem
456 3016 657 3088 reprodnoitur.

461 3189 551 3257 CLX.
578 3183 670 3273 1348,
698 3187 1108 3272 leauuaru,venet11s

182 3311 226 3378 ld
249 3310 436 3396 petitionem
459 3313 534 3380 bani
560 3313 699 3392 ,Bosne“
726 3311 795 3378 eius
821 3311 986 3396 ,specialis
1007 3311 1160 3380 servitor“
1179 3308 1323 3376 Marinus
1339 3307 1457 3376 Paulus

122 3396 167 3549 {131
168 3398 282 3550 gesara,
317 3397 372 3480 qui
406 3403 550 3482 tempore
582 3398 659 3466 belli
689 3416 761 3465 cum
791 3397 966 3465 Jadartinis
995 3396 1143 3482 expulsus
1174 3395 1236 3462 fuit
1267 3397 1376 3476 sadra,
1400 3396 1457 3464 ab·

177 3585 289 3660 M:
309 3586 417 3644 Iristine
434 3585 490 3656 III,
507 3588 551 3643 48.

448 3759 553 3827 OLXJ.
580 3759 672 3843 1348,
698 3757 1126 3843 inremissionem.

175 3880 372 3962 Conceditur,
403 3887 441 3949 ut
470 3900 575 3950 comes
607 3881 780 3966 Gregorius
811 3881 989 3966 Goysalich,
1017 3879 1150 3964 sojroda
1172 3878 1246 3946 bani
1268 3877 1384 3962 Boane,
1407 3898 1458 3946 ex·

124 3968 220 4035 nabat
240 3969 385 4036 Venetiis
407 3987 496 4037 arma
518 3989 618 4053 nsque
641 3971 682 4038 ad
704 3969 844 4038 valorem
866 3969 935 4035 duc.
959 3993 987 4052 o,
1006 3966 1155 4035 solvendo
1177 3965 1308 4033 datium

181 4089 291 4158 In'ubic':
309 4089 417 4146 listins
434 4089 489 4159 111,
508 4091 549 4148 54.

456 4261 578 4332 OLXH.
605 4263 699 4346 1348,
727 4259 1128 4346 decantarentur„

185 4383 315 4454 Senatus
337 4385 554 4472 venetiarum,
578 4387 618 4452 ad
641 4405 750 4468 preces
773 4385 846 4453 bani
869 4385 1004 4466 Bosnae,
1028 4382 1170 4450 decernit
1192 4381 1230 4449 ir.
1253 4383 1458 4465 Peregrinum

159 4470 499 4627 'dnimnerlifflridgiffigm
520 4475 572 4554 ,in
595 4473 729 4542 Bossina
751 4471 877 4539 domiuo
900 4489 981 4555 pape
998 4516 1030 4537 ..
1054 4489 1112 4554 pro
1134 4470 1319 4553 episcopatu
1333 4471 1457 4540 Besne“

184 4677 292 4746 [dubiis
311 4677 418 4736 Lunna
435 4677 491 4749 111,
509 4695 536 4752 p.
555 4679 615 4736 loll.
