3428 5256
228 216 292 283 200

229 423 384 492 cultatem
406 425 440 490 in
462 425 578 493 iudicio
601 445 639 493 ex
662 433 752 494 extra
774 427 1022 494 necessariarum
1045 426 1092 493 nti
1114 425 1239 506 babere,
1275 443 1352 507 quas
1375 425 1506 508 propter
1527 421 1575 487 ri·

228 531 320 578 arum
342 513 529 580 distanoimn
552 515 593 580 ad
615 513 684 581 loca
706 513 841 600 singula,
863 514 896 580 in
919 514 1032 596 quibus
1055 514 1175 580 eisdem
1197 511 1384 595 indigerent,
1408 511 1442 576 in
1464 508 1574 594 specie

230 599 355 666 deferre
378 601 589 681 periculosum
613 605 646 667 et
667 600 795 667 difficile
818 606 883 680 est;
914 601 1031 668 idcirco
1053 601 1155 667 dictas
1178 599 1302 666 litteras
1324 597 1505 679 originales,
1536 599 1574 661 ut

229 687 435 772 premittitur,
459 688 615 754 exhibitas
638 697 670 752 et
692 689 863 770 productas
893 689 1079 756 transscribi
1108 694 1141 754 et
1163 687 1388 768 transsumpmi
1412 691 1446 751 et
1468 701 1575 750 exem-

229 775 311 858 plari
334 793 371 840 ac
392 774 426 838 in
448 773 583 841 formam
605 775 722 859 publici
744 775 923 842 documenti
945 776 1046 859 redigi
1069 775 1259 845 auctoritate
1275 779 1384 843 nostra
1399 772 1572 855 ordinaria,

230 880 302 928 cnm
325 862 425 927 nostri
448 863 567 928 decreti
588 861 834 945 interpositione.
857 867 894 930 ut
915 861 1008 930 fidem
1031 863 1147 945 ubique
1161 861 1302 928 locorum
1316 867 1382 926 tarn
1398 860 1430 924 in
1446 858 1575 944 iudicio,

232 967 327 1032 qnam
349 955 439 1015 extra
461 948 639 1032 plenariam
661 949 802 1016 fecerent
823 969 895 1016 cum
918 951 1025 1018 debito
1058 950 1127 1016 iure
1157 948 1341 1016 instantiam
1372 947 1431 1014 sub
1462 951 1575 1012 nostro

231 1035 383 1120 pendenti
406 1035 512 1119 sigillo
534 1036 597 1103 sibi
619 1041 652 1102 et
674 1037 767 1103 dictis
797 1036 869 1103 eliis
898 1038 949 1104 sui
977 1037 1097 1104 ordinis
1127 1035 1279 1104 fratribus
1313 1033 1382 1102 dari
1413 1034 1510 1117 petiit
1539 1037 1573 1098 et

232 1121 416 1276 postfflfiuit
451 1124 669 1206 uniusquidem
690 1119 783 1191 Bulle
816 1129 907 1192 tenor
935 1123 975 1192 de
1005 1125 1101 1192 verbo
1132 1124 1173 1190 ad
1202 1122 1337 1190 verbum
1365 1121 1511 1204 sequitur
1540 1123 1575 1186 et

229 1215 279 1278 est
332 1209 392 1276 -‘s:

295 1296 461 1380 Eugenius
483 1296 649 1380 episcopus
670 1316 782 1368 servus
803 1317 966 1368 serrorum
987 1299 1056 1380 Dei,
1087 1295 1213 1364 dilectis
1234 1295 1309 1362 filiis
1325 1295 1445 1362 vicario
1465 1292 1578 1360 dilecti

231 1383 289 1450 lilii
311 1381 458 1467 magistri
478 1383 636 1468 generalis
667 1392 699 1452 et
725 1386 878 1454 iratribus
908 1386 1026 1454 ordinis
1055 1384 1211 1450 minorum
1241 1383 1359 1450 vicarie
1390 1381 1496 1448 Boane
1526 1399 1577 1446 se

231 1471 368 1539 cundum
390 1490 511 1538 morem
533 1471 609 1538 dicti
633 1471 752 1540 ordinis
771 1473 969 1558 presentibus
984 1478 1017 1540 et
1032 1471 1146 1538 futuris
1168 1468 1304 1538 salutem
1319 1473 1353 1536 et
1368 1466 1577 1553 apostolicam

234 1558 495 1626 benedictionem.
520 1559 681 1626 Romanus
703 1561 844 1644 pontifex
865 1561 950 1627 beati
973 1559 1061 1627 Petri
1090 1557 1217 1626 celestis
1246 1555 1398 1640 clavigeri
1427 1570 1579 1623 sucessor

232 1653 265 1712 et
287 1645 424 1712 vicarius
446 1646 523 1712 Jesn
546 1644 664 1713 Christi
687 1653 745 1713 etc.
770 1649 890 1716 Datum
920 1649 1018 1714 Rome
1048 1651 1125 1728 aput
1153 1653 1298 1710 sanctum
1328 1641 1460 1710 Petrum
1491 1659 1579 1708 anno

230 1732 459 1800 incarnacionis
481 1733 635 1800 dominice
657 1731 824 1802 millesimo
847 1733 1155 1818 quadringentesimo
1169 1731 1329 1798 tricesimo
1344 1729 1453 1810 tercio,
1471 1729 1581 1810 pridie

230 1819 294 1886 isal.
319 1818 456 1886 octobris
479 1818 678 1902 pontificatus
701 1823 801 1888 nostri
824 1841 906 1888 anno
927 1821 1034 1888 tercio.
1059 1819 1144 1904 (Vid.
1161 1837 1231 1902 pag.
1249 1823 1321 1884 739.
1341 1836 1388 1884 nr.
1404 1814 1578 1898 DCOXlI.)

298 1905 366 1972 Nos
387 1907 497 1988 itaque
519 1907 633 1973 Petrus
655 1909 821 1992 episcopus
850 1907 1076 1976 Obanadiensis
1099 1906 1257 1988 predictus
1286 1905 1427 1973 remissis
1455 1902 1579 1969 litteris

235 1992 419 2078 apostolicis
441 1991 489 2062 sic
510 1998 546 2060 ut
567 1993 794 2076 promittuntur
815 2015 872 2080 per
900 2015 1020 2078 nosque
1049 2011 1194 2077 sumpma
1223 2010 1296 2058 curn
1325 1989 1513 2059 obediencia
1543 1993 1578 2054 et

233 2080 422 2166 reverentia,
443 2087 538 2163 prout
559 2085 712 2164 terremur,
734 2089 861 2167 recepte
883 2081 1106 2164 requisiciones
1127 2079 1243 2163 prefati
1267 2078 1377 2146 fratris
1399 2075 1578 2150 Benedicti.

232 2187 291 2235 sno
314 2166 513 2248 stallorum,
537 2185 670 2250 quorum
691 2188 798 2256 supra,
821 2170 997 2237 nominibus
1019 2169 1110 2234 nobis
1132 2171 1303 2252 porrectas,
1330 2167 1433 2233 iustas
1456 2169 1490 2250 et
1512 2163 1578 2229 iuri

235 2271 389 2322 consonas
410 2254 479 2322 iore
501 2261 716 2338 agnoscentes,
750 2255 875 2324 litteras
909 2258 984 2324 dicti
1019 2255 1137 2322 domini
1169 2273 1252 2338 pepe
1286 2255 1412 2320 nomine
1445 2250 1580 2335 proprio

232 2341 371 2408 sancitas
393 2345 427 2408 et
447 2342 597 2423 integras,
619 2361 681 2409 non
703 2343 838 2411 abolitas
859 2345 972 2411 necin
994 2343 1102 2426 aliqua
1123 2342 1173 2409 sni
1194 2345 1296 2426 perte,
1326 2347 1362 2407 ut
1384 2339 1581 2424 promissum

234 2434 291 2510 est,
314 2429 455 2514 viciatus,
479 2429 535 2495 sed
551 2429 635 2495 omni
650 2449 779 2512 prorsus
795 2431 875 2498 vicio
898 2437 930 2498 et
951 2429 1153 2514 snspeccione
1175 2433 1328 2510 carentes,
1351 2427 1480 2494 eaedem
1504 2443 1580 2508 pre·

235 2515 379 2583 sentibus
402 2515 519 2582 litteris
541 2516 658 2583 nostris
680 2517 940 2600 preuilegislibus
962 2519 1001 2585 de
1025 2516 1121 2583 uerbo
1136 2515 1177 2583 ad
1192 2515 1325 2582 verbum
1346 2515 1417 2581 sine
1442 2513 1583 2580 diminu-

233 2603 324 2670 cione
347 2607 380 2669 et
400 2609 571 2686 augmento
593 2602 727 2686 aliquali
749 2605 895 2691 insertas,
929 2611 963 2672 ut
993 2606 1103 2676 eedem
1138 2605 1257 2685 absque
1287 2601 1407 2668 litteris
1438 2599 1583 2683 origina-

232 2689 317 2757 libus
339 2689 441 2772 ipsius
463 2689 581 2756 domini
603 2692 704 2757 nostri
726 2711 808 2775 pape
829 2693 862 2758 in
884 2697 993 2760 nostra
1025 2689 1229 2758 iurisdicione
1259 2695 1292 2756 et
1324 2688 1414 2771 alias,
1444 2694 1514 2756 tam
1545 2687 1582 2753 in

231 2775 348 2843 iudicio
373 2795 469 2859 quarn
492 2781 581 2844 extra
603 2777 719 2859 ubique
741 2777 881 2846 locorum
903 2783 936 2845 et
958 2783 1114 2844 terrarum
1137 2775 1277 2860 vigorem
1308 2775 1459 2862 babeant,
1495 2779 1583 2841 tarn-

233 2881 329 2946 quam
351 2881 462 2930 esrum
485 2862 706 2945 primordiales
729 2865 847 2932 eisdem
869 2864 1020 2934 manibus
1042 2883 1080 2932 ec
1103 2863 1205 2931 ordini
1228 2869 1262 2932 et
1284 2861 1427 2930 custodie
1442 2860 1584 2944 prelatis

232 2951 380 3017 duximus
402 2951 626 3034 concedendas,
649 2951 682 3017 in
705 2971 839 3034 quorum
861 2954 998 3019 omnium
1020 2957 1053 3019 et
1074 2949 1272 3034 singulorum
1302 2948 1397 3017 iidem
1427 2957 1460 3014 et
1490 2947 1584 3014 testi-

233 3038 373 3105 monium
395 3056 525 3121 presens
558 3037 762 3122 priuilegium
795 3059 851 3107 seu
883 3039 1042 3124 publicum
1073 3039 1319 3106 instrumentum
1349 3035 1464 3102 exinde
1498 3033 1583 3114 fieri,

232 3129 265 3192 et
287 3143 344 3208 per
365 3123 550 3192 Ladislaum
572 3125 659 3190 Petri
682 3128 722 3192 de
744 3125 846 3211 Ohad,
869 3125 1028 3212 publicum
1049 3125 1206 3209 imperiali
1229 3125 1386 3192 auctorite
1408 3125 1584 3204 notarium,

232 3229 327 3296 super
363 3211 423 3278 hoc
458 3211 613 3279 subscribi
645 3217 678 3278 et
707 3215 860 3296 publicari
890 3213 1052 3296 nostrique
1081 3211 1273 3297 pontificalis
1295 3209 1395 3295 sigilli
1424 3209 1585 3277 iussimus

234 3297 428 3380 appensione
461 3298 657 3364 communiri.
691 3299 811 3364 Datum
844 3305 876 3366 et
909 3306 1014 3368 actum
1046 3299 1224 3368 chanadini
1255 3299 1289 3364 in
1319 3297 1445 3384 palacio
1484 3295 1588 3363 solite

234 3390 341 3452 nostre
363 3385 545 3466 residencie,
570 3404 653 3452 anno
676 3387 716 3452 ab
738 3386 958 3455 incarnacione
980 3387 1107 3455 Domini
1129 3385 1300 3454 millesimo
1332 3385 1588 3469 quadringenta-

235 3471 315 3537 simo
338 3472 582 3552 quadragesimo
605 3476 704 3552 sento,
732 3472 888 3540 indicione
910 3493 1002 3566 nona,
1031 3475 1084 3540 dio
1115 3493 1191 3541 vero
1220 3473 1357 3555 veneris,
1388 3471 1495 3556 prima
1532 3471 1590 3540 die

236 3557 354 3623 mensis
377 3557 497 3640 mareiJ,
520 3558 599 3623 hors
621 3564 780 3624 aestatum
802 3560 853 3625 vel
875 3561 975 3644 quasi,
998 3559 1199 3643 pontificatus
1223 3565 1331 3628 autem
1353 3559 1432 3627 dicti
1460 3558 1589 3626 domini

238 3643 339 3710 nostri
361 3642 495 3725 Eugenij
519 3663 601 3727 pape
616 3645 689 3710 1111.
706 3665 788 3712 anno
811 3647 951 3714 eiusdem
974 3647 1217 3731 decimoquinto,
1240 3647 1447 3730 presentibus
1463 3645 1589 3712 ibidem

237 3729 476 3796 honorabilibus
498 3737 530 3796 et
552 3729 698 3797 discretis
721 3731 807 3812 viris,
837 3733 972 3800 dominis
994 3734 1139 3801 iohanne
1161 3735 1201 3801 de
1224 3735 1452 3818 Keczlsemeth,
1476 3731 1589 3800 altero

235 3817 381 3883 Jobanne
405 3817 444 3882 de
468 3816 639 3900 Peryemes
669 3823 703 3883 et
725 3818 879 3902 Gregorio
908 3822 948 3886 de
979 3820 1071 3887 Obed
1101 3821 1259 3889 canonicis
1290 3821 1423 3890 maioris
1447 3817 1590 3888 ecclesie

235 3902 377 3968 eiusdem
401 3901 604 3983 Chanadieu.,
628 3923 685 3970 nec
701 3923 763 3971 non
777 3905 937 3972 Anthouio
952 3907 991 3973 de
1006 3907 1132 3990 Bodrog
1147 3928 1185 3975 ac
1200 3909 1323 3976 Thoma
1339 3909 1381 3976 de
1398 3905 1589 3988 dearhal

199 4047 201 4050 .
238 3989 398 4056 canonicis
420 3989 566 4056 similitor
588 3989 755 4071 collegiata
778 3992 910 4059 ecclesie
924 3992 1024 4060 sancti
1040 3993 1207 4062 salvatoris
1221 3997 1366 4064 eiusdem
1382 3995 1589 4063 Obanadien.

238 4075 380 4158 predicte
402 4073 543 4160 lundata,
567 4075 700 4159 alijsque
722 4079 881 4145 nonnullis
902 4078 963 4146 fide
985 4081 1089 4163 dignis
1110 4083 1247 4150 testibus
1270 4085 1311 4151 ad
1333 4084 1495 4168 premissa
1529 4101 1588 4151 ro-

240 4163 319 4228 oatis
341 4166 375 4227 et
396 4161 517 4243 rogatis
538 4161 572 4226 in
594 4165 808 4230 testimonium
830 4167 982 4233 veritatis.

300 4246 345 4301 Ex
364 4245 491 4316 originali
508 4246 537 4301 in
554 4246 672 4303 tabular.
690 4249 812 4318 provinc.
830 4265 867 4306 ss.
885 4249 1037 4307 salvatoris
1054 4251 1130 4308 fietr.
1147 4253 1247 4310 minor.
1266 4253 1478 4325 Gydngybsien.

562 4385 738 4453 DOGOLH.
765 4387 857 4472 14411,
883 4389 920 4458 11
944 4389 1067 4477 llartli,
1088 4389 1245 4462 venetiis.

301 4509 492 4576 Oratoribus
514 4511 604 4592 regni
627 4510 760 4592 Bosnae,
783 4513 957 4580 medicinae
979 4514 1098 4581 doctori
1121 4515 1263 4583 Thomas
1286 4519 1320 4582 et
1342 4515 1524 4584 Laurentio
1546 4517 1588 4584 de

237 4597 343 4680 Stipos
366 4598 406 4664 de
429 4595 593 4680 Tragurio‚
616 4599 841 4681 respondetur:
874 4619 929 4667 rar
950 4601 1073 4672 Bosrree
1099 4603 1150 4684 „in
1172 4622 1208 4671 se
1231 4608 1358 4679 teneat·
1392 4599 1589 4686 Narenlem,
