3406 5262
44 215 58 228 r,
78 225 84 234 Ἴ,
122 201 124 214 t
147 205 151 214 ¹
168 213 176 218 ν
240 215 241 218 =
273 209 276 212 ·

146 251 158 260 ⁹
242 249 307 350 uro

24 357 73 401 qis*

31 403 58 422 ¹¹⁸
201 423 202 428 ,

58 467 64 476 ’
160 515 163 522 ⁴
243 492 459 578 quesiverunt,
482 491 516 556 in
538 509 601 574 quo
623 491 751 574 quidem
773 490 842 559 loco
871 489 986 575 prelati
1013 493 1127 572 rector,
1157 487 1323 556 consilium
1345 491 1379 554 et
1401 482 1596 586 universitas
1693 443 1696 558 l

243 579 414 664 quemdam
435 577 540 645 locum
563 597 621 662 pro
653 597 712 644 usu
743 583 776 644 et
797 578 993 646 habitatione
1015 578 1170 645 dictorum
1196 575 1332 643 fratrum
1354 591 1426 642 curn
1450 569 1595 652 accimus,
1694 607 1696 634 ς

21 725 55 738 ,,
233 686 409 752 campana,
433 665 613 750 campanili,
643 665 799 732 cimiterio
828 672 861 733 et
889 665 961 732 aliis
991 665 1165 733 necessaris
1192 661 1327 730 officinis
1358 668 1392 730 et
1418 659 1597 760 successise

25 763 81 832 l,
180 791 182 794 ·
245 753 327 822 alias
350 753 501 822 ecclesias
522 771 580 836 pro
603 755 798 838 presbyteris
819 753 1015 822 secularibus
1036 753 1154 820 ibidem
1177 769 1234 834 pro
1257 758 1400 835 tempore
1421 748 1456 815 in
1481 748 1598 848 drmnrs
1694 807 1696 844 ,

70 877 74 886 ·
246 842 383 908 Domino
405 841 575 908 servituris
597 842 637 908 de
659 840 789 908 licentia
810 841 896 908 sedis
918 839 1088 926 apostolice
1110 841 1355 906 construxerunt
1370 837 1440 904 sive
1454 837 1598 902 uonmnu
1695 849 1696 858 ¹

245 928 399 1010 lecerunt,
432 935 470 994 ut
499 934 567 996 tarn
598 928 715 996 fratres
746 947 841 1012 quam
870 927 1046 1012 presbyteri
1074 926 1256 994 huiusmodi
1285 923 1432 992 infideles
1453 923 1545 1007 ipsos
1567 923 1599 988 et
1694 945 1696 1006 i

245 1017 326 1084 alios
348 1014 469 1085 inoolas
492 1017 569 1082 dicti
591 1015 653 1084 loci
676 1017 817 1084 eiusdem
846 1016 988 1083 doctrine
1009 1019 1158 1098 precepta
1187 1014 1336 1080 docerent
1358 1015 1393 1078 et
1414 1011 1600 1076 imbuerent
1695 1025 1696 1102 j

245 1101 441 1172 salutaribus
462 1103 669 1182 documentis,
700 1123 886 1187 omnemque
907 1103 1045 1170 heresim
1067 1107 1100 1170 st
1121 1099 1284 1184 perfidiam
1308 1099 1348 1167 de
1375 1113 1489 1166 eornm
1511 1113 1600 1161 men·
1695 1103 1696 1136 ³

245 1191 332 1258 tibus
356 1191 560 1275 extirparent,
584 1191 667 1257 sicut
689 1191 792 1274 patuit
814 1191 990 1258 successive
1012 1207 1068 1273 per
1082 1188 1187 1272 operis
1201 1187 1404 1269 evidentiam,
1420 1183 1509 1269 quod
1530 1180 1599 1248 infi-
1695 1191 1696 1194 ’

246 1277 335 1346 deles
358 1278 498 1345 eiusdem
521 1277 593 1353 loci,
617 1276 784 1362 splendore
805 1297 941 1363 superne
963 1278 1065 1360 gratie
1086 1275 1250 1361 illustrati,
1267 1275 1421 1360 paulatim
1439 1272 1482 1340 ad
1505 1269 1601 1338 fidem
1695 1299 1696 1308 ¹

247 1364 440 1434 catholicam
462 1369 536 1432 sunt
558 1369 708 1433 conversi.

313 1452 520 1520 Postmodum
554 1470 630 1518 vero
663 1470 734 1520 cum
764 1471 821 1520 rex
852 1456 886 1519 at
918 1452 1018 1520 banus
1050 1449 1166 1534 prefati
1196 1467 1234 1516 ac
1263 1465 1465 1517 successores
1489 1461 1602 1514 eorum

246 1539 393 1609 ridentes
414 1539 448 1605 in
471 1539 557 1605 dicto
579 1538 648 1606 loco
670 1541 773 1607 Ponte
794 1539 906 1619 Stagni
926 1537 1021 1606 fidem
1043 1535 1160 1604 Christi
1185 1554 1377 1620 consurgere
1400 1539 1434 1602 et
1447 1530 1599 1601 infideles

248 1629 397 1704 converti,
420 1626 461 1692 de
489 1627 690 1693 concessione
713 1627 892 1693 huiusmodi
922 1625 1134 1706 condolentes,
1158 1624 1263 1692 locum
1284 1623 1391 1710 ipsum
1414 1637 1604 1706 expugnare
1695 1671 1696 1676 η

249 1720 283 1782 et
303 1731 494 1796 recuperare
516 1712 710 1790 molirentur,
741 1713 855 1796 prelati
876 1718 992 1800 rector,
1022 1711 1188 1780 eonsilium
1210 1718 1243 1777 et
1265 1711 1460 1777 universitas
1482 1706 1604 1775 ibidem

248 1801 375 1869 moenia
396 1805 429 1867 et
451 1817 613 1866 murorum
636 1798 757 1868 edificia
780 1819 850 1868 cum
864 1800 1051 1868 necessariis
1065 1798 1228 1866 fortalitiis
1242 1817 1301 1882 pro
1316 1797 1395 1865 dicti
1409 1795 1474 1864 loci
1496 1791 1604 1860 tutela

251 1895 285 1956 et
306 1887 452 1955 custodia
473 1892 583 1954 contra
605 1885 747 1955 infideles
769 1888 895 1956 eosdem
916 1887 1098 1970 fundarunt,
1114 1891 1147 1954 et
1166 1888 1422 1970 construxerunt,
1446 1881 1606 1966 gravibus

250 1974 396 2060 quamvis
427 1971 589 2040 laboribus
619 1981 652 2040 et
681 1975 835 2058 expensis,
866 1994 944 2058 quas
966 1975 1062 2044 etiam
1085 1993 1142 2058 pro
1171 1971 1352 2061 huiusmodi
1375 1969 1528 2038 custodia
1550 1985 1605 2068 ecs¹

251 2061 362 2130 sedulo
385 2065 510 2146 oportet
532 2062 572 2129 de
593 2062 781 2130 necessitate
810 2063 986 2140 subirara
1009 2061 1092 2128 torte
1115 2058 1259 2128 infideles
1281 2059 1343 2142 ipsi
1367 2057 1477 2126 nauali
1500 2055 1606 2124 adiuti

252 2149 392 2233 presidio
415 2167 452 2214 ex
475 2148 598 2215 insidiis
621 2151 812 2232 prodeuntes
834 2168 872 2217 ac
893 2149 995 2216 locum
1011 2151 1114 2233 ipsum
1130 2153 1291 2214 carentem
1306 2145 1494 2212 custodibus
1511 2161 1607 2211 occu·

252 2242 374 2321 pantes,
399 2254 478 2318 quos
500 2235 579 2302 inibi
600 2255 639 2302 ex
661 2235 807 2304 fidelibus
829 2237 1016 2317 invenirent,
1039 2236 1219 2303 immaniter
1234 2233 1443 2301 trucidarent.

9 2398 15 2405 ⁷
47 2389 75 2400 .,
134 2395 135 2398 ,
317 2323 438 2390 Verum
460 2321 542 2388 sicut
564 2323 674 2390 eadem
696 2325 808 2406 petitio
829 2323 1048 2406 subiungebat,
1072 2322 1148 2406 quia
1168 2326 1241 2405 post
1263 2321 1512 2404 acquisitionem
1530 2315 1610 2385 dictl
1695 2359 1696 2362 =

252 2411 316 2478 loci
339 2411 441 2476 Ponte
465 2407 576 2492 Stagni
598 2429 655 2492 per
677 2411 802 2477 eosdem
824 2416 989 2492 rectorem,
1005 2409 1172 2477 consilium
1188 2413 1220 2476 et
1234 2407 1484 2477 universitatem
1501 2405 1607 2472 tantis

38 2495 41 2502 “
252 2497 417 2564 laboribus
438 2503 472 2562 at
493 2497 637 2578 expensis
659 2515 717 2579 pro
738 2515 815 2582 pace
838 2497 977 2564 fidelium
999 2502 1032 2564 et
1046 2501 1216 2580 augmento
1231 2495 1315 2576 fidei,
1337 2499 1374 2562 ut
1388 2494 1607 2580 premittitur,

253 2585 381 2664 factam,
405 2582 595 2650 uenerabilis
616 2583 715 2651 frater
737 2589 843 2651 noster
864 2583 1024 2666 Nicolaus,
1047 2589 1079 2650 et
1101 2583 1158 2650 alii
1186 2583 1430 2668 predecessores
1452 2581 1518 2662 sui,
1556 2579 1611 2664 qui

254 2672 383 2739 luerunt
406 2687 463 2754 pro
483 2674 625 2751 ternpore
641 2671 779 2754 episcopi
794 2670 1002 2739 Gurzolenses
1017 2670 1096 2738 alias
1113 2670 1264 2754 Stagnan.
1280 2674 1463 2737 asserentes
1479 2667 1612 2736 ratione

254 2757 485 2825 iurisdictionis
508 2757 695 2840 episcopalis
716 2759 800 2825 sedis
816 2757 979 2825 Ourzolen.
1002 2759 1150 2845 decimas,
1167 2775 1302 2840 quarum
1316 2756 1442 2824 fructus
1458 2754 1611 2823 redditus

255 2852 289 2914 et
310 2847 481 2930 proventus
503 2863 562 2927 pro
582 2843 693 2912 maiori
715 2847 859 2928 partein
881 2845 1045 2912 novalibus
1072 2845 1231 2932 operibus,
1254 2863 1316 2928 que
1339 2861 1399 2927 per
1421 2843 1612 2926 Ragusinos

255 2931 342 2999 cives
363 2931 482 2998 ibidem
504 2929 593 3007 fiunt,
617 2951 674 3014 pro
696 2937 837 3015 tempore
859 2934 1029 3001 consistere
1051 2933 1267 3014 dinoscuntur,
1289 2951 1328 2998 ex
1343 2931 1430 2999 dicto
1453 2929 1531 2998 loco
1551 2927 1613 2998 sibi

256 3018 379 3100 deberi,
401 3017 477 3083 licet
498 3017 587 3085 locus
608 3017 685 3101 ipse,
709 3019 763 3100 qui
795 3020 937 3102 iamper
966 3025 1123 3088 tercentos
1152 3037 1251 3088 annos
1273 3025 1365 3086 extra
1389 3017 1614 3086 obedientium

258 3113 291 3174 et
313 3105 513 3172 devotionem
535 3121 663 3173 romane
686 3105 816 3174 ecclesie
839 3107 1020 3194 permansit,
1036 3105 1125 3174 nulla
1139 3105 1277 3192 episcopi
1292 3111 1326 3174 et
1342 3107 1615 3188 predecessorum

259 3209 390 3260 suorum
414 3192 625 3274 predictorum
646 3193 810 3280 industria,
834 3213 937 3278 opere,
961 3194 1125 3278 diligentia
1147 3199 1180 3262 et
1193 3193 1304 3262 labore
1319 3192 1361 3262 ad
1383 3191 1482 3261 tidem
1508 3193 1615 3261 redis

259 3282 325 3346 rint
347 3279 561 3357 orthodoxam,
583 3279 623 3346 ab
645 3280 764 3348 endem
786 3285 918 3366 rectore,
941 3281 1072 3348 consilio
1098 3286 1130 3348 et
1152 3281 1363 3349 universitate
1386 3280 1536 3348 decimas
1559 3298 1616 3363 po

260 3365 419 3447 stulabat;
443 3367 570 3433 tandem
591 3367 652 3450 ipsi
674 3366 771 3433 veluti
792 3368 969 3435 obedientie
991 3367 1057 3453 filii,
1080 3370 1221 3436 volentes
1243 3366 1378 3436 ecclesie
1401 3385 1523 3452 parere
1546 3385 1616 3434 mo

260 3454 337 3520 uitis
360 3458 393 3518 et
414 3453 573 3521 mandatis
594 3455 634 3519 de
657 3455 739 3520 dicte
762 3455 846 3522 sedis
864 3455 1059 3540 beneplacito
1074 3475 1137 3522 una
1153 3475 1225 3523 cum
1240 3454 1458 3538 predictorum
1474 3471 1619 3523 onerum

260 3540 502 3624 supportatione
524 3558 581 3624 pro
611 3539 790 3608 huiusmodi
820 3541 950 3609 decimis
971 3544 1196 3610 condecentem
1222 3541 1464 3626 responsionem
1488 3543 1619 3626 impen-

262 3629 339 3695 dere
350 3629 475 3694 ratione
486 3627 678 3694 decimarum
690 3628 868 3694 huiusmodi
880 3647 1007 3695 censum
1019 3635 1143 3695 centum
1155 3631 1344 3696 ducatorum
1356 3631 1429 3696 auri
1444 3630 1620 3698 annuatim

262 3715 366 3782 eidem
389 3714 535 3796 episcopo
564 3715 597 3778 in
628 3715 875 3798 recognitionem
901 3715 1126 3784 iurisdictionis
1155 3717 1337 3785 huiusmodi
1359 3717 1524 3785 hactenus
1547 3735 1621 3803 per·

262 3800 436 3887 solverunt,
459 3805 552 3884 prout
581 3800 621 3866 de
650 3805 789 3884 presenti
820 3802 1016 3886 persolvunt3
1048 3809 1081 3870 et
1103 3803 1309 3872 nihilominus
1340 3805 1531 3872 huiusmodi
1556 3803 1622 3872 fra·

264 3887 367 3954 tribus
389 3892 422 3952 et
443 3888 645 3971 presbyteris,
675 3889 742 3956 sive
771 3891 944 3957 rectoribus
973 3890 1197 3974 parochialium
1230 3890 1439 3960 ecclesiarum
1467 3891 1506 3958 in
1531 3892 1622 3960 dioto

126 4001 129 4005 ’
263 3974 333 4042 loeo
355 3993 415 4056 pro
435 3979 578 4057 tempore
610 3975 726 4044 divinis
748 3976 907 4059 obsequiis
936 3979 1125 4062 mancipatis
1147 3977 1300 4047 alimenta
1322 3984 1356 4045 et
1377 3977 1445 4046 alia
1467 3979 1543 4048 vite
1565 3998 1623 4048 ue·

264 4062 405 4128 cessaria
427 4062 467 4127 de
489 4060 581 4128 bouis
603 4062 649 4128 eis
671 4083 691 4130 a
713 4063 782 4129 Deo
805 4062 928 4131 collatis
950 4065 1060 4131 sedulo
1082 4065 1226 4133 tribuunt
1248 4071 1281 4133 et
1303 4065 1504 4134 ministrant.

331 4146 437 4225 Quare
459 4166 499 4232 po
520 4154 612 4232 parte
633 4150 773 4232 rectoris,
795 4149 918 4217 consilii
939 4155 971 4218 et
993 4152 1209 4220 universitatis
1230 4154 1450 4238 predictorum
1466 4171 1624 4222 asseren-

265 4235 347 4300 tium
368 4253 403 4300 se
425 4253 484 4316 pro
516 4236 721 4318 acquisitione
750 4237 890 4304 eiusdem
920 4237 990 4322 loci,
1022 4239 1202 4308 defensione
1232 4259 1360 4324 quoque
1383 4247 1417 4308 st
1440 4249 1624 4326 augmento

266 4321 339 4387 fidei
362 4339 479 4403 magua
501 4341 708 4405 expensarum
737 4343 835 4391 onere
865 4332 897 4390 et
922 4344 1017 4408 quam
1038 4326 1175 4410 plurima
1196 4329 1386 4410 gravamina
1409 4329 1567 4410 subiisse,
1593 4334 1625 4396 ct

266 4409 427 4494 continuo,
450 4415 486 4474 ut
508 4411 710 4492 premittitur,
733 4429 790 4494 pro
820 4410 906 4477 illius
929 4415 1070 4482 custodia
1100 4421 1195 4498 atque
1217 4415 1355 4482 tuitione
1378 4417 1503 4501 subire,
1530 4417 1626 4485 nobis

267 4493 328 4559 fuit
350 4493 513 4562 humiliter
534 4495 754 4580 supplicatum,
778 4503 814 4564 ut
835 4498 881 4564 eis
903 4500 986 4581 quod
1008 4500 1123 4568 futuris
1145 4503 1343 4580 temporibus
1366 4505 1409 4571 ad
1424 4503 1626 4572 solvendum

267 4581 391 4649 ratione
414 4583 568 4650 dictarum
590 4584 783 4652 decimarum
805 4585 927 4668 prefato
949 4587 1093 4672 episeopo
1116 4593 1171 4657 aut
1187 4590 1441 4660 administratori
1457 4609 1522 4659 seu
1539 4611 1626 4660 com·

267 4669 464 4738 mendatario
496 4669 600 4740 dictae
630 4670 829 4741 Ourzolensis
862 4673 941 4742 elias
970 4672 1153 4759 stagnensis
1183 4677 1339 4748 ecclesiae
1372 4695 1433 4763 pro
1469 4684 1626 4766 tempore
