3434 5260
1458 226 1522 288 519

492 427 720 500 moenem.
746 427 840 514 loeo,
864 428 908 500 24
930 427 1025 516 tulli,
1047 425 1207 502 Viennae.

174 553 356 642 Leopoidus
384 575 442 620 rea
463 555 606 638 mandat,
637 563 673 621 ut
703 555 864 642 episcopus
887 553 1062 623 Bosneusis
1083 556 1118 622 in
1140 553 1265 622 iuribus
1287 561 1316 621 et
1332 554 1527 638 possessione

172 644 315 712 locorum
338 642 502 708 districtus
526 641 722 728 Podeqiensis
747 653 943 711 conaudetur
958 652 987 711 et
1002 643 1204 728 defendatur,
1221 644 1316 709 donee
1331 644 1526 726 quaestiones

274 732 409 817 desuper
431 737 557 798 cerodae
579 751 686 796 emam
709 733 893 818 competenti
915 731 1019 798 iudice
1039 732 1163 816 fuerint
1185 733 1418 798 determinatae.

244 853 312 922 Nos
344 851 525 938 Leopoldus
559 854 622 923 Dei
655 857 760 939 gratia
794 856 915 924 electus
948 858 1162 925 Romanorum
1194 856 1370 940 imperator
1400 875 1526 944 semper

168 947 327 1026 angustus
346 941 550 1020 Germaniae,
581 941 775 1027 Hungariae,
809 945 992 1028 Bohemiae,
1020 944 1211 1026 Delmatiae,
1242 944 1393 1014 orcanae
1416 943 1526 1012 Slavo-

168 1031 308 1114 uiaeque
338 1049 394 1097 rex
417 1033 477 1097 etc.
512 1028 687 1100 Memoriae
709 1035 967 1101 commendamus
989 1037 1048 1100 etc.
1085 1031 1175 1111 Quod
1198 1049 1268 1099 cnm
1291 1031 1396 1100 fidelis
1418 1038 1526 1100 noster

167 1117 456 1186 reverendissimus
471 1115 623 1186 Nicolaus
638 1119 850 1206 Plumbensis,
869 1121 1035 1205 episcopus
1050 1120 1230 1202 Bosnensis,
1247 1118 1384 1187 alterum
1398 1119 1526 1188 fidelem

168 1207 281 1273 itidem
315 1208 458 1272 nostrum
492 1207 793 1276 reverendissimum
823 1207 1039 1276 Alexandrum
1061 1205 1228 1287 Milmlich,
1260 1207 1443 1292 episcopum
1467 1207 1525 1274 Za·

168 1292 374 1376 grabiensem
405 1297 437 1359 et
471 1294 656 1361 canonicum
688 1295 831 1362 eiusdem
854 1293 1007 1364 ecclesiae
1028 1295 1151 1362 Babieh
1174 1295 1294 1362 dictum
1316 1297 1348 1360 in
1371 1293 1442 1363 loca
1464 1293 1526 1360 Bo·

168 1381 295 1448 snensis
318 1379 476 1448 dioecesis
498 1398 555 1448 seu
577 1382 677 1466 ipsius
699 1381 839 1466 episcopi
853 1382 1090 1463 iurisdictionis,
1115 1401 1198 1464 quae
1213 1382 1363 1450 nimirum
1378 1405 1397 1450 a
1412 1381 1525 1465 rigimi

169 1468 295 1535 duobus
330 1467 422 1534 annis
455 1473 524 1533 tum
555 1469 624 1552 ipse
654 1470 820 1554 episcopus
851 1474 919 1536 tum
951 1469 1093 1538 eiusdem
1115 1469 1376 1552 praedecessores
1396 1467 1526 1554 pacifice

169 1573 300 1636 semper
333 1555 550 1638 possedissent
583 1556 616 1622 in
650 1557 796 1624 districtu
830 1557 1015 1640 Posegiensi
1043 1563 1075 1624 et
1105 1557 1138 1623 in
1169 1553 1312 1623 confiniis
1337 1557 1462 1625 Manae
1484 1558 1526 1624 ad

168 1643 274 1727 ripam
296 1641 384 1709 fluvii
419 1641 541 1722 Venae,
578 1646 707 1727 propria
739 1644 938 1722 auctoritate,
963 1664 1025 1711 non
1053 1648 1218 1727 expectata
1241 1643 1389 1712 videlicet
1410 1643 1526 1712 iudicis

170 1729 341 1813 sententia,
364 1727 533 1808 involasse,
563 1729 596 1796 in
620 1749 729 1812 eaque,
752 1733 784 1797 vi
807 1730 947 1816 expulsis
969 1732 1159 1814 quibusdam
1181 1731 1281 1814 ipsius
1304 1731 1445 1815 episcopi
1467 1749 1523 1814 pa-

168 1817 285 1900 rochis,
318 1835 393 1883 suos
424 1817 601 1902 intmsisse,
635 1818 699 1884 imo
731 1818 850 1885 dictum
873 1819 1058 1886 canonicum
1080 1819 1222 1886 Bebbich
1245 1818 1350 1885 locum
1372 1819 1526 1902 Kuttjevo

169 1906 300 1986 dictum,
324 1905 384 1972 sub
407 1903 501 1971 titulo
523 1905 672 1972 abbatiae
694 1905 734 1972 de
749 1905 864 1985 Gotho,
882 1907 1036 1973 invasisse
1054 1904 1312 1988 quaerularetur:
1335 1906 1402 1972 Nos
1418 1911 1524 1973 autem

168 1993 202 2058 in
225 2010 310 2059 anno
335 1993 428 2058 1684.
451 1991 611 2059 mediante
640 1993 779 2076 benigno
801 1998 908 2060 nostro
932 1994 1059 2060 decretu
1082 1992 1202 2060 similes
1224 2011 1322 2060 ausus
1344 1991 1523 2061 clementis-

168 2079 250 2148 sime
272 2078 520 2146 inhibuissemus
544 2084 576 2146 et
598 2084 634 2147 ut
657 2080 791 2162 quisque
813 2081 953 2165 ipsorum
976 2080 1010 2147 in
1031 2081 1099 2147 suis
1120 2079 1258 2164 propriis
1288 2080 1411 2148 iuribus
1437 2081 1523 2163 paci·
1579 2115 1585 2125 ·

169 2167 228 2234 tice
252 2165 416 2252 consistat,
440 2184 604 2248 quousque
627 2185 684 2248 per
698 2167 835 2234 iudicem
850 2172 1091 2250 competentem,
1115 2167 1189 2250 qnid
1206 2169 1257 2234 cui
1272 2167 1313 2234 de
1327 2168 1397 2234 iure
1412 2168 1524 2235 cedere

169 2254 295 2334 debeat,
319 2253 565 2320 determinatum
580 2253 689 2334 luerit,
711 2254 796 2321 serio
811 2255 1107 2333 demandassemus;
1130 2256 1186 2322 sed
1202 2260 1235 2321 et
1250 2256 1354 2336 quoad
1370 2254 1524 2322 beneficia

167 2340 324 2408 dioecesis
354 2359 432 2406 suae
463 2340 549 2407 idem
579 2339 771 2422 quaerulans
802 2342 969 2426 episcopus
991 2343 1041 2409 ius
1063 2346 1249 2425 patronatus
1270 2341 1301 2406 in
1326 2341 1524 2409 conferendis

171 2427 326 2496 eiusmodi
349 2425 510 2494 beneficiis
532 2427 594 2495 sibi
616 2433 795 2511 competere
818 2436 986 2497 asseserat.
1020 2429 1058 2495 Id
1081 2429 1164 2496 circo
1186 2447 1244 2494 nos
1266 2429 1364 2512 priori
1386 2429 1523 2512 benigno

167 2517 297 2583 decreto
328 2517 437 2580 nostro
467 2515 564 2582 etiem
594 2533 678 2582 nunc
706 2516 892 2583 insistentes
922 2515 1077 2598 volumus,
1108 2515 1172 2581 imo
1193 2515 1351 2582 universis
1373 2515 1524 2582 fidelibus

167 2603 288 2670 nostris
318 2619 390 2668 cum
422 2602 642 2684 praesentibus
663 2604 865 2686 requirendis
886 2603 1001 2670 harum
1024 2603 1107 2668 serie
1130 2602 1356 2670 committimus
1378 2607 1411 2668 et
1434 2621 1523 2669 man·

171 2692 295 2769 damus,
332 2693 488 2770 qnatenus
518 2689 615 2756 rebus
644 2689 698 2771 sic,
729 2690 776 2756 uti
799 2690 969 2774 prefertur,
1002 2690 1172 2768 stantibus,
1202 2707 1300 2769 seque
1321 2689 1523 2770 habentibus,

167 2776 401 2844 mentionatum
431 2774 613 2860 episcopum
644 2777 839 2844 Bosnensem
870 2776 1113 2860 quacmlentem
1142 2775 1176 2842 in
1199 2775 1322 2843 iuribus
1345 2781 1378 2844 et
1401 2795 1524 2858 posses-

168 2865 259 2932 sione
281 2861 507 2946 premissornm
531 2883 568 2930 ac
590 2862 725 2930 aliorum
748 2864 855 2944 etiam,
883 2864 1047 2946 hucusque
1069 2882 1127 2947 per
1149 2864 1254 2946 ipsum
1277 2868 1310 2928 et
1332 2882 1407 2930 suos
1431 2882 1524 2946 prae

168 2953 357 3019 decessores
386 2967 605 3032 possessorum
627 2949 778 3032 locorum,
809 2951 939 3035 pacifico
960 2969 1020 3018 usu
1043 2968 1239 3030 conservare,
1273 2951 1366 3030 tueri,
1390 2956 1524 3034 protege

167 3057 269 3120 reque
292 3041 325 3104 et
348 3042 555 3104 manutenere
579 3055 716 3120 eousque
738 3057 864 3122 semper
886 3038 1023 3106 debcant
1045 3055 1082 3105 ac
1104 3043 1283 3119 teneantur,
1308 3038 1408 3104 donec
1428 3057 1524 3120 qnae

167 3125 291 3192 stiones
313 3129 346 3190 et
369 3122 566 3192 differentiae
590 3130 721 3192 eatenus
742 3132 870 3193 exortae
892 3143 998 3191 coram
1022 3123 1214 3207 competenti
1236 3124 1341 3191 indice
1365 3126 1405 3192 ad
1429 3125 1523 3191 unius

169 3217 226 3279 aut
249 3210 382 3278 alterius
404 3211 506 3295 partis
527 3212 711 3278 instantiam
735 3211 874 3280 finaliter
896 3211 1014 3279 inerint
1036 3211 1275 3294 determinatae,
1300 3211 1524 3295 praesentibus

168 3297 323 3384 perlectis
345 3298 506 3366 exhibenti
528 3299 694 3367 restitutis.

233 3387 355 3453 Datum
376 3385 410 3451 in
432 3386 561 3454 civitate
583 3391 693 3454 nostra
715 3387 859 3454 Viennae
880 3385 1029 3454 Austriae
1051 3386 1084 3454 di
1109 3391 1159 3452 24.
1184 3385 1302 3454 mensis
1325 3384 1415 3467 Julii,
1439 3404 1522 3453 anno

167 3473 289 3542 domini
315 3477 406 3539 1690.

233 3594 279 3649 De
298 3593 433 3650 limitibus
460 3595 558 3650 eccles.
583 3595 745 3664 Zagrabien.
766 3601 794 3652 et
811 3596 931 3652 Bosnen.
950 3595 1020 3650 Msc.
1039 3593 1199 3650 academiae
1217 3594 1353 3649 scientiar.
1372 3591 1520 3649 Slavorum

167 3663 343 3722 meridional.
362 3664 527 3736 Zagrsbien.
545 3663 590 3719 IV
592 3708 598 3720 .
616 3683 639 3720 c.
659 3667 700 3720 10.

473 3839 715 3908 mocoouxn.
743 3837 837 3923 lest,
858 3839 880 3910 4
899 3838 1034 3925 Aprilis,
1058 3837 1209 3908 Velitrae.

169 3959 228 4028 Fr.
253 3961 360 4027 Lucem
382 3959 588 4046 lbriiimooio',
610 3964 748 4028 oicorius
775 3965 933 4049 qeneralis
963 3962 1098 4048 episcopi
1125 3959 1350 4046 Zuqrobiensis
1378 3959 1415 4024 in
1443 3979 1520 4039 par-

168 4049 255 4114 tibus
287 4049 462 4128 ffluoonim,
495 4072 564 4116 cnm
595 4071 615 4114 o
649 4051 774 4116 domino
805 4050 932 4134 Maior,
966 4052 1020 4136 qui
1050 4054 1185 4131 tempore
1215 4048 1409 4129 expulsionis
1436 4045 1518 4112 iter·

168 4156 286 4214 eorum,
321 4137 544 4202 monasterium
581 4137 737 4204 Veiiceuse
769 4137 841 4222 ique
873 4138 1012 4204 consumi
1037 4139 1164 4219 fecerat,
1194 4156 1258 4220 pro
1288 4137 1521 4200 restauratione

168 4223 309 4290 eiusdem
338 4224 419 4290 nihii
446 4223 488 4289 sit
520 4225 723 4310 sperandum,
755 4230 857 4309 requi,
888 4230 923 4289 ut
946 4226 1167 4306 eleemosynam
1189 4225 1223 4286 in
1245 4223 1327 4286 irene
1346 4221 1440 4303 finem
1459 4242 1520 4304 per

168 4311 331 4376 dioecesim
361 4308 503 4397 eoiiiqere
530 4315 757 4396 permittatur;
790 4320 817 4376 et
841 4313 995 4392 quaedem
1018 4312 1084 4375 alia
1107 4311 1145 4374 de
1167 4311 1267 4394 episeo
1288 4307 1441 4374 Bosaensi
1463 4316 1517 4375 etc.

744 4402 942 4465 intermiscet.

232 4511 456 4588 Illustrissime
479 4524 511 4588 et
533 4521 796 4590 reverendissime
819 4521 952 4602 domine,
976 4519 1102 4587 domine
1125 4523 1256 4602 patrone
1280 4515 1518 4584 colendissime!

167 4607 282 4678 Sacros
304 4605 446 4692 liquores
467 4610 604 4696 percepi,
635 4627 714 4692 quos
736 4627 844 4678 omnes
867 4609 908 4680 ad
930 4613 1039 4693 patres
1061 4612 1185 4674 nostres
1208 4603 1348 4672 Velicam
1373 4605 1516 4688 expedio,
