3410 5258
209 221 271 282 629

209 424 345 494 fratrm
367 424 401 490 in
423 425 532 490 eodem
556 424 740 506 degentium
762 423 855 492 valde
877 441 1036 506 magnum.
1060 423 1129 502 Quo
1143 423 1252 490 audito
1267 423 1331 489 iam
1346 421 1431 490 latus
1447 419 1559 487 Hiero

210 531 322 597 nymus
347 509 476 596 Scribo,
499 515 535 576 ut
556 509 722 594 prefertur,
740 510 949 594 personaliter
963 511 996 576 in
1012 510 1144 576 eandem
1167 511 1245 577 iram
1261 528 1416 593 exurgens
1431 526 1558 592 puram,

210 599 374 682 respondit
399 617 437 664 en
456 599 598 678 adverso,
620 600 702 680 quod
718 598 859 682 prefatus
874 599 1031 680 quondam
1047 597 1204 664 Martinus
1220 595 1345 676 Sonilro,
1361 596 1462 663 frater
1479 595 1559 678 eius,

208 685 440 768 possessionem
463 685 638 766 predictam
667 684 801 751 Grisane
823 685 941 751 iniuste
971 701 1033 750 non
1055 690 1250 770 occupasset,
1273 702 1331 750 nec
1352 684 1422 768 ipse
1446 681 1560 749 Hiero-

208 790 322 855 nymus
345 772 478 837 eandem
509 771 648 839 indebite
679 773 878 838 observasset
910 773 950 838 de
980 771 1129 855 presenti.
1153 770 1235 838 Nam
1258 771 1369 838 eadem
1395 769 1559 853 possessio

208 859 343 926 Grisane
367 855 461 922 simul
483 875 554 924 cnm
578 865 682 925 castro
704 858 812 924 Bribir
826 864 859 924 et
873 859 1014 925 eiusdem
1028 856 1230 940 pertinentiis
1244 875 1302 938 per
1316 855 1558 924 serenissimum

208 950 241 1010 et
270 944 513 1012 invictissimum
543 945 719 1027 principem
751 945 911 1010 dominum
941 945 1104 1028 Mathiam,
1140 943 1200 1010 Dei
1222 944 1326 1026 gratia
1360 943 1560 1024 Hungariae‚

208 1031 359 1098 Bohemie
390 1029 538 1097 videlicet
568 1050 684 1115 regem,
716 1032 877 1097 dominum
908 1037 1051 1097 nostnrm
1078 1029 1351 1112 gradosissimum,
1383 1049 1442 1112 pro
1470 1035 1562 1095 carta

208 1118 343 1202 pecunie
364 1136 488 1184 summa
510 1117 588 1200 ipsis
619 1118 743 1183 Marino
773 1124 806 1184 et
837 1118 1027 1200 Hieronymo
1058 1117 1176 1182 Sonllro
1206 1115 1312 1183 fuerat
1335 1117 1559 1200 oppignorata,

208 1205 318 1287 sieque
340 1204 409 1287 ipse
431 1206 564 1271 eandem
586 1223 625 1270 ex
647 1203 827 1270 huiusmodi
849 1205 1112 1288 impignorationa
1135 1203 1222 1287 regia
1241 1208 1442 1270 conservaret
1464 1209 1499 1268 et
1522 1203 1559 1267 in

209 1290 302 1358 totali
323 1291 478 1376 premissa
501 1291 624 1356 actione
658 1295 691 1356 et
713 1291 917 1372 acquisitione
948 1291 1104 1358 dictorum
1130 1296 1273 1357 actorum
1294 1291 1445 1356 innocens
1467 1295 1560 1356 esset

209 1383 242 1445 et
264 1378 422 1444 immunis.
446 1375 483 1442 In
506 1376 698 1444 contrarium
721 1377 894 1459 prelibatus
928 1377 1084 1444 Martinus
1106 1383 1238 1460 propter
1260 1377 1362 1444 dictos
1383 1376 1500 1443 fratres
1522 1376 1560 1440 in

211 1464 353 1547 personis
376 1466 557 1530 eorumdem
579 1464 742 1530 subiunxit
764 1464 847 1530 hunc
863 1465 1008 1530 modum:
1032 1468 1188 1546 quomodo
1204 1470 1382 1548 prestructo
1397 1463 1558 1546 possessio

211 1551 344 1636 predicti
367 1550 498 1617 claustri
527 1551 621 1616 beate
647 1550 778 1633 virginis
810 1559 843 1616 et
864 1550 999 1618 fratrum
1028 1551 1061 1615 in
1085 1552 1195 1618 eodem
1217 1551 1398 1634 degentium
1422 1551 1562 1618 Grisana

212 1636 374 1722 appellata
396 1655 453 1720 per
473 1637 632 1720 quondam
655 1636 856 1720 magnificum
875 1637 1037 1704 dominum
1051 1637 1224 1706 Martinam
1240 1638 1279 1704 de
1295 1637 1560 1720 Frangepanibns

212 1725 253 1792 ob
275 1725 451 1790 remedium
481 1723 594 1790 salutis
620 1725 725 1792 anime
756 1724 897 1791 eiusdem
926 1729 1101 1791 memorato
1130 1724 1269 1791 claustro
1292 1730 1325 1790 et
1347 1723 1500 1790 fratribus
1526 1723 1563 1786 in

212 1811 321 1878 ecdem
346 1811 534 1893 degentibus
565 1830 602 1877 ex
633 1811 850 1894 promissione,
882 1811 965 1878 bona
994 1809 1157 1878 voluntate
1189 1816 1221 1876 et
1254 1827 1408 1876 consensu
1440 1811 1563 1876 dictam

213 1899 341 1966 domum
363 1897 451 1979 regis
471 1898 502 1962 in
525 1905 711 1981 perpetuam
733 1896 938 1965 elemosinam
964 1897 1082 1964 donata
1103 1901 1136 1963 et
1158 1915 1197 1962 ex
1220 1896 1364 1963 eiusdem
1386 1895 1563 1962 donatione

214 1983 412 2052 consensuali
435 2003 493 2067 per
514 1983 629 2052 trabes
660 1985 803 2050 eiusdem
832 1983 962 2050 claustri
993 1988 1146 2064 pernota
1170 1988 1314 2068 tempora
1336 1981 1466 2066 pacifice
1490 2001 1564 2064 pos·

215 2089 302 2138 sessa
334 2069 499 2148 extitisset,
531 2075 563 2136 et
592 2071 664 2138 ideo
695 2071 780 2136 idem
811 2070 957 2136 dominus
986 2073 1094 2136 noster
1122 2089 1187 2150 rex,
1217 2090 1257 2135 ex
1285 2069 1375 2136 cuius
1405 2086 1565 2136 consensu

215 2158 301 2224 dicta
323 2157 480 2240 possessio
503 2156 637 2224 Grisane
659 2158 761 2223 eidem
784 2155 923 2224 claustro
945 2157 1063 2224 donata
1087 2157 1200 2240 extitit,
1223 2157 1357 2223 eandem
1372 2174 1429 2238 per
1444 2154 1565 2224 fratres

214 2244 353 2311 Martino
376 2248 409 2309 et
430 2243 622 2326 Hieronymo
640 2243 757 2309 Soniko
773 2251 830 2310 aut
852 2243 943 2310 alteri
959 2262 1120 2325 nunquam
1135 2243 1380 2327 impignoratam
1395 2241 1447 2308 vel
1468 2242 1567 2308 aliter

213 2329 814 2484 ttttttutttttuttttt
827 2331 948 2483 ttltt
971 2330 1145 2482 tutat
1159 2329 1566 2482 ttutultttctu

213 2509 246 2571 et
269 2501 515 2569 aedicationem
540 2505 693 2584 quasdam
715 2505 793 2570 duas
816 2504 948 2583 litteras,
973 2521 1069 2570 unam
1091 2503 1191 2584 ipsius
1213 2503 1333 2569 domini
1357 2502 1492 2569 Martini
1515 2520 1565 2568 ca

212 2589 301 2656 mitis
323 2594 356 2656 et
378 2587 475 2655 aliam
505 2589 637 2670 capituli
667 2587 800 2656 ecclesie
822 2590 1046 2672 zagrabiensis,
1077 2591 1186 2658 ambas
1208 2589 1452 2674 privilegialiter
1476 2608 1563 2656 ema·

214 2682 313 2754 natas,
335 2679 478 2742 nostrum
508 2678 724 2757 produxerunt
752 2677 1017 2760 inconspectum,
1048 2694 1181 2757 quarum
1203 2677 1315 2760 prima,
1339 2676 1462 2742 scilicet
1485 2675 1566 2742 dicti

213 2763 346 2828 Martini
380 2761 513 2848 comitis,
547 2761 654 2829 littera
688 2763 895 2846 privilegialis
927 2763 1039 2828 maiori
1063 2763 1245 2830 authentico
1278 2762 1386 2844 sigillo
1421 2763 1566 2830 eiusdem

213 2849 409 2931 impendenti
432 2849 623 2916 communita
645 2849 730 2916 hunc
752 2855 892 2916 tenorem
915 2850 1112 2917 continebat:
1135 2849 1293 2916 Martinus
1315 2849 1357 2916 de
1379 2849 1566 2932 Frangapa·

217 2935 309 3002 nibus
332 2935 457 3018 Segnia,
482 2935 594 3017 Veglie
618 2935 859 3018 Modrussioque
881 2955 985 3002 comes
1007 2937 1151 3002 omuibus
1183 2935 1303 3003 Christi
1329 2935 1479 3002 fidelibus
1505 2942 1566 3001 etc.

213 3021 303 3088 Licet
325 3020 552 3105 plasmatorem
575 3023 714 3088 omnium
736 3030 796 3090 etc.
819 3024 893 3088 Dat.
918 3023 950 3088 in
973 3031 1077 3089 castro
1101 3027 1208 3088 nostro
1231 3022 1403 3105 Novigrad‚
1424 3021 1566 3088 secundo

214 3109 266 3176 die
290 3107 365 3175 festi
387 3108 613 3192 assumptionis
643 3109 775 3192 virginis
804 3109 949 3193 gloriose,
981 3129 1063 3176 anno
1086 3109 1214 3176 Domini
1242 3115 1334 3177 1478.
1359 3109 1458 3194 (Vide
1480 3109 1568 3176 idem

214 3196 460 3262 instrumentum
483 3195 607 3260 comitis
631 3195 760 3262 Martini
785 3215 857 3278 pag.
884 3197 970 3279 290.)

279 3281 393 3348 Altera
417 3300 492 3348 vero
514 3281 664 3363 ipsarum,
688 3282 836 3348 videlicet
858 3282 934 3348 dicti
958 3280 1088 3364 capituli
1109 3280 1325 3364 zagrabionsis
1347 3279 1457 3347 littera
1480 3281 1569 3347 simi-

216 3367 293 3434 liter
315 3367 535 3452 privilegialis,
567 3385 660 3451 quam
683 3370 837 3435 verbatim
866 3369 1013 3435 servabat
1035 3368 1278 3434 continentiam:
1302 3367 1369 3433 Nos
1392 3367 1570 3450 capitulum

218 3454 351 3521 ecclesie
374 3455 588 3537 zagrabiensis
603 3460 712 3520 notum
727 3455 869 3538 facimus,
885 3461 994 3521 tenore
1010 3455 1204 3537 presentium
1219 3453 1436 3536 significantes
1452 3454 1571 3534 quibus

220 3541 345 3623 expedit
369 3541 544 3608 universis:
576 3543 659 3624 quod
691 3541 791 3608 irater
820 3542 986 3626 Martinus,
1017 3542 1212 3622 guardianns
1238 3548 1411 3607 conventus
1433 3540 1571 3606 ecclesie

218 3629 314 3694 beate
339 3625 441 3692 Maria
464 3628 594 3710 virginis
625 3627 657 3692 in
689 3628 825 3695 Tersatb
855 3628 975 3694 ordinis
996 3647 1021 3694 s.
1045 3627 1217 3714 Francisci,
1243 3628 1275 3692 in
1300 3646 1359 3693 sua
1381 3632 1414 3692 et
1436 3645 1571 3693 suorum

218 3713 441 3778 universorum
472 3712 606 3779 fratrum
639 3714 780 3781 eiusdem
813 3720 987 3781 conventus
1016 3714 1157 3796 personis
1187 3719 1328 3780 nostram
1356 3713 1572 3796 personaliter

218 3799 343 3865 venerit
374 3799 406 3863 in
439 3799 642 3881 presentiam,
677 3800 819 3867 exhibuit
847 3805 879 3866 et
908 3801 1103 3882 presentavit
1130 3799 1221 3867 nobis
1254 3800 1407 3881 quasdam
1443 3799 1572 3866 litterae

218 3903 315 3968 paros
337 3885 370 3949 in
393 3903 584 3968 pergameno
614 3893 797 3969 conspectas
827 3887 1019 3954 serenissimi
1045 3886 1196 3969 principis
1219 3888 1335 3952 donum
1359 3905 1396 3952 ac
1418 3888 1571 3968 gratiam,

220 3971 283 4054 Dei
306 3971 412 4053 gratia
433 3972 518 4053 regis
540 3971 703 4053 Hungarie
734 3978 767 4038 et
789 3973 948 4056 Bohemie,
979 3971 1128 4039 videlicet
1149 3973 1266 4038 domini
1291 3973 1390 4038 nostri
1414 3973 1572 4039 naturalis

219 4057 452 4141 gratiosissimi,
476 4057 582 4140 sigillo
606 4059 746 4125 eiusdem
769 4059 809 4126 ab
832 4060 916 4126 intra
944 4061 1108 4140 impresso,
1133 4059 1180 4124 uti
1203 4058 1307 4142 prima
1328 4057 1410 4125 facie
1432 4077 1571 4142 appare-

218 4145 275 4212 bat
297 4144 491 4224 assignata,
523 4145 642 4210 tenoris
664 4144 865 4228 infrascripti,
894 4150 1004 4228 petens
1035 4164 1091 4212 nos
1115 4146 1223 4213 debita
1244 4165 1317 4211 cum
1344 4146 1511 4226 instantia,
1535 4150 1572 4210 ut

218 4234 363 4296 tenorem
387 4231 572 4296 earumdem
594 4232 634 4297 de
657 4232 752 4298 verbo
775 4233 815 4299 ad
837 4234 967 4298 verbum
990 4234 1023 4296 in
1040 4232 1230 4313 transcripto
1246 4231 1427 4298 litterarum
1444 4241 1571 4299 nostra·

219 4334 291 4382 rum
315 4313 559 4398 privilegialium
583 4317 732 4383 similiter
755 4318 932 4400 patentium
958 4317 1060 4384 eidem
1084 4321 1159 4385 dare
1188 4323 1221 4384 ot
1242 4319 1434 4386 concordare
1458 4319 1572 4402 digrra·

221 4419 339 4480 remur,
361 4401 440 4468 iuris
463 4403 513 4468 sui
536 4401 577 4470 ad
600 4403 765 4483 cautelam,
789 4423 921 4486 quarum
945 4409 1035 4472 tenor
1056 4405 1130 4472 talis
1152 4409 1218 4470 est:

285 4488 353 4554 Nos
376 4487 524 4568 Mathiaa
554 4489 615 4556 Dei
647 4491 753 4572 gratia
783 4510 838 4558 rex
860 4491 1030 4573 Hungarie,
1057 4491 1210 4557 Bohemie
1227 4541 1234 4556 .
1252 4541 1284 4556 ..
1309 4491 1464 4558 Memorio
1487 4509 1572 4558 com-

221 4576 405 4642 mendamus
427 4593 484 4658 per
506 4581 678 4658 presentes,
704 4579 787 4660 quod
809 4595 867 4646 nos
889 4578 1096 4645 consideratis
1110 4577 1142 4643 in
1166 4578 1278 4660 primis
1301 4576 1515 4645 fidelitatibus
1539 4583 1571 4644 et
