3428 5256
1411 260 1468 320 187

121 471 288 550 augeatur,
321 471 355 533 et
377 465 512 549 populus
534 465 725 535 christianus
747 466 780 532 in
810 465 862 533 dei
884 465 1061 550 cognitione
1084 483 1122 532 ac
1143 483 1201 530 sue
1224 461 1337 531 salutis
1359 465 1468 548 acqui·

120 552 237 619 sitione
258 571 323 620 nou
344 554 517 634 decrescat,
547 554 671 638 ipsique
694 553 853 622 Fabianus
883 559 916 620 et
938 554 1049 620 usarii
1072 552 1200 620 domino
1222 551 1376 618 virtutum
1398 551 1467 636 pla-

118 639 193 720 ·cidi,
216 641 371 722 nobisque
394 660 432 708 ac
454 641 537 708 dicte
559 643 627 708 sedi
649 659 790 708 necnon
814 641 1046 708 successoribus
1068 639 1184 706 nostris
1207 639 1346 704 romanis
1368 640 1468 722 ponti-

117 723 236 794 ficibus
256 728 432 794 reddantur
461 728 602 812 gratiosi,
633 727 811 814 processuri
841 728 874 794 in
904 727 1084 812 hujusmodi
1106 725 1320 808 inquisitionis
1343 728 1469 808 negotio

118 818 190 880 tam
212 815 387 880 secundum
410 814 624 898 indulgentias
646 821 679 882 et
701 813 866 899 privilegia
887 811 1126 896 inquisitoribus
1141 811 1309 896 pravitatis
1326 813 1466 895 ejusdem

119 899 291 982 aprefata
313 902 389 968 sede
419 902 589 985 deputatis,
620 919 678 968 seu
708 899 811 968 officia
839 900 1054 983 inquisitionis
1084 898 1263 981 hujusmodi
1295 899 1335 966 ab
1358 900 1469 966 eadem

118 989 199 1054 sede
220 987 412 1054 habentibus
441 1005 599 1074 concessa,
629 1006 725 1071 quam
755 988 852 1055 etiam
884 987 1057 1054 secundum
1088 985 1254 1054 cauomoas
1280 986 1467 1053 sanctiones.

120 1072 244 1140 Verum
279 1092 319 1139 ne
356 1094 395 1140 ex
427 1073 640 1157 inquisitionis
674 1073 777 1140 officio
810 1073 999 1157 hujusmodi,
1030 1073 1117 1156 pacis
1143 1071 1248 1138 emulo
1268 1079 1467 1158 procurante,

119 1160 208 1226 inter
229 1160 415 1228 diocesanos
437 1161 674 1242 ordinarioeque
696 1159 837 1226 locorum
859 1179 898 1227 ex
920 1179 994 1238 una,
1022 1167 1055 1224 et
1077 1159 1252 1226 Fabianum
1275 1177 1312 1224 ac
1334 1159 1469 1226 vicarios

121 1265 164 1313 ex
186 1245 290 1313 altera
312 1247 456 1332 partibus
478 1247 692 1314 dissensiones
715 1253 749 1313 et
770 1245 919 1314 scaudala
941 1247 1142 1326 suscitentur,
1161 1244 1306 1312 volumus
1321 1251 1355 1312 et
1370 1251 1466 1326 motu,

121 1331 363 1412 deliberatione,
393 1335 526 1401 scientia
558 1341 591 1399 et
613 1334 803 1401 auctoritate
825 1332 977 1416 predictis
1004 1334 1212 1416 decernimus,
1236 1333 1320 1414 quod
1342 1332 1375 1397 in
1397 1351 1468 1415 pre·

121 1419 190 1486 fato
214 1420 429 1502 inquisitionis
451 1419 554 1486 officio
574 1421 656 1503 jnris
679 1422 756 1488 ordo
779 1421 818 1487 de
840 1420 1020 1504 hujusmodi
1035 1419 1239 1503 inquisitione
1253 1417 1397 1485 conditus
1412 1437 1469 1502 per

120 1506 303 1574 Fabianum
326 1511 360 1572 et
381 1507 516 1574 nonnos
538 1507 697 1590 predictos
718 1513 872 1591 perpetuo
895 1513 1113 1588 conservetur;
1137 1506 1182 1572 ita
1204 1510 1320 1584 tamen
1338 1504 1469 1586 quodsi

120 1593 284 1660 diocesani
307 1598 341 1660 et
364 1593 526 1674 ordinarii,
549 1592 600 1660 rel
623 1594 808 1661 vacantibus
831 1593 958 1660 sedibus
977 1593 1115 1677 capitula
1129 1611 1186 1659 seu
1201 1590 1334 1672 collegia
1350 1591 1468 1674 aliqua,

121 1697 159 1747 se
182 1681 224 1746 de
246 1679 317 1762 ipso
339 1677 442 1746 estimo
472 1679 685 1747 intromittere
715 1679 845 1764 nollent,
878 1679 929 1746 vel
957 1679 1156 1763 negligenter
1178 1677 1413 1762 quomodolibet
1435 1697 1470 1746 se

121 1767 291 1852 haherent,
314 1785 371 1834 seu
392 1765 446 1834 ubi
469 1765 695 1834 catholicorum
729 1767 948 1849 episcoporum
971 1768 1061 1849 copia
1081 1785 1138 1851 pro
1160 1771 1300 1847 tempore
1322 1784 1386 1831 non
1410 1767 1471 1831 erit

120 1859 180 1920 aut
203 1853 314 1920 baberi
337 1871 401 1918 non
424 1853 540 1936 poterit
562 1854 604 1921 ad
626 1855 805 1919 huiusmodi
820 1851 958 1920 officium
974 1855 1201 1936 exequendum,
1217 1851 1294 1918 dicti
1309 1851 1470 1918 Fabianus

120 1945 154 2006 et
177 1939 289 2006 vicarii
311 1957 370 2022 pro
392 1945 533 2024 tempore
556 1939 694 2006 officium
716 1939 894 2024 predictum
916 1959 973 2023 per
995 1959 1030 2005 se
1053 1939 1138 2024 ipsos
1161 1937 1290 2006 valeant
1313 1957 1471 2006 exercere.

120 2027 167 2092 Et
189 2028 323 2112 insuper
345 2025 486 2094 Fabiano
509 2032 542 2092 et
564 2027 692 2095 vicariis
713 2045 770 2108 pro
794 2032 936 2110 tempore
958 2027 1108 2110 predictis
1131 2025 1228 2092 etiam
1251 2029 1361 2092 contra
1382 2031 1469 2091 noto·

119 2114 190 2180 rios
204 2114 420 2181 incantatores
435 2117 468 2179 et
489 2113 629 2180 notorias
650 2113 883 2194 incantatrices,
907 2118 940 2180 et
961 2114 995 2179 in
1017 2131 1116 2196 regno
1138 2111 1297 2178 Moldavie
1315 2112 1470 2195 episcopis

121 2199 262 2282 aliisque
285 2199 454 2266 ordinariis
468 2198 608 2266 locorum
630 2200 831 2282 irrequisitis,
854 2199 1043 2266 auctoritate
1057 2204 1166 2267 nostra
1181 2197 1319 2265 officium
1341 2198 1471 2282 inquisi-

121 2286 221 2353 tionis
245 2285 424 2368 hujusmodi
447 2287 621 2366 exercendi,
645 2304 703 2352 nec
726 2305 787 2352 non
810 2286 843 2352 in
866 2285 1011 2353 omnihus
1026 2291 1059 2352 et
1074 2285 1209 2368 siugulis
1224 2286 1331 2368 regnis
1347 2305 1384 2354 ac
1400 2303 1470 2368 par·

119 2372 220 2452 tibus,
245 2371 287 2438 ad
309 2391 370 2454 que
385 2390 442 2439 eeu
457 2391 536 2455 quas
551 2374 669 2439 vicena
685 2372 864 2454 hujusmodi
879 2391 914 2438 se
934 2372 1089 2450 extendet,
1114 2371 1288 2450 antedictis,
1313 2374 1471 2453 quotiens·

120 2477 250 2541 cunque
262 2458 323 2526 sibi
335 2465 523 2542 oportunum
536 2459 703 2537 uidebitur,
720 2465 872 2543 perpetuo
888 2477 997 2525 eorum
1013 2459 1138 2526 nomine
1154 2475 1251 2525 unum
1263 2457 1314 2523 vel
1325 2459 1405 2524 duos
1416 2463 1471 2524 aut

119 2551 200 2631 tres,
219 2563 274 2611 ssu
291 2549 340 2611 tot
354 2551 432 2628 quot
446 2564 504 2628 pro
519 2545 699 2628 hujusmodi
711 2544 806 2610 officii
822 2545 1012 2612 necessitate
1029 2545 1174 2628 oportuni
1190 2545 1389 2624 videbuntur,
1405 2546 1471 2611 ido

119 2651 202 2700 neos
223 2631 349 2710 iratres,
372 2632 413 2699 de
429 2631 559 2698 consilio
581 2638 686 2699 umen
710 2631 889 2713 aliquorum
912 2633 1118 2698 discretorum
1140 2631 1274 2699 fratrum
1297 2631 1416 2698 ordinis
1439 2637 1472 2697 et

118 2717 242 2786 vicarie
264 2718 486 2800 predictorum,
517 2719 573 2800 qui
603 2719 723 2785 eisdem
753 2723 786 2784 et
814 2735 943 2801 prorsus
970 2717 1127 2784 similibus
1149 2718 1339 2784 auctoritate
1362 2723 1394 2782 et
1417 2736 1471 2800 po-

119 2809 243 2872 testate
265 2805 447 2886 iungantur,
471 2805 692 2887 substituendi,
714 2805 823 2888 sicque
842 2805 1031 2872 substitutos
1046 2806 1086 2872 ad
1101 2805 1240 2886 ipsorum
1256 2809 1367 2871 nutum
1383 2823 1471 2872 revo-

120 2891 218 2960 candi
240 2890 369 2973 plenam
391 2895 424 2958 et
445 2889 580 2958 liberam
603 2897 712 2958 tenore
734 2893 928 2974 presentium
950 2891 1112 2957 licentiam
1135 2891 1335 2957 concedimus
1351 2892 1471 2972 pariter

120 2985 157 3046 et
179 2976 386 3057 facultatem
408 2977 455 3045 ita
477 2983 582 3045 tamen
605 2980 688 3061 quod
720 2983 786 3044 tam
808 2978 969 3046 Fabianus
991 2983 1023 3044 et
1045 2977 1166 3062 vicarii,
1189 2996 1284 3060 quam
1306 2977 1471 3043 substituti

119 3084 181 3150 pro
204 3071 349 3148 tempore
372 3065 506 3146 predicti
528 3066 568 3132 de
589 3065 662 3146 hiis,
686 3084 749 3147 que
771 3066 803 3130 in
827 3065 1007 3148 hujusmodi
1029 3064 1242 3147 inquisitionis
1264 3062 1368 3130 officio
1383 3082 1471 3130 secu·

117 3151 208 3220 laria
230 3157 423 3218 concernunt
443 3150 572 3234 judicia,
604 3169 638 3218 se
660 3152 875 3218 intromittere
905 3157 961 3218 aut
984 3151 1030 3218 eis
1053 3151 1271 3233 quoquomodo
1292 3150 1471 3218 immiscere

118 3237 307 3306 nullatenus
344 3243 555 3320 praesumant.
590 3239 741 3305 Preterea
776 3239 951 3305 universos·
979 3242 1012 3304 et
1049 3237 1189 3320 singulos
1224 3236 1403 3304 carissimos
1436 3237 1471 3302 in

120 3324 255 3393 Christo
276 3321 365 3402 filios*
381 3329 506 3394 nosnos
528 3342 628 3407 reges,
651 3343 689 3392 ac
710 3323 915 3394 uenerabiles¹
931 3323 1047 3394 francs
1069 3331 1193 3392 rosbes
1208 3324 1469 3408 archiepiscopos,

119 3412 290 3494 episcopos
312 3415 344 3476 et
365 3409 498 3476 dilectos
523 3409 604 3477 filios
627 3410 793 3494 principes,
818 3413 922 3490 duces,
948 3411 1089 3498 comites,
1112 3409 1279 3492 palatinos,
1302 3411 1470 3494 voyvodas,

118 3499 272 3578 barones,
304 3494 431 3575 milites,
466 3495 599 3576 nobiles,
633 3499 873 3564 communitates
908 3503 940 3562 et
971 3502 1092 3564 eeteros
1123 3515 1324 3580 quoscunque
1352 3497 1471 3564 Christi

119 3583 234 3652 fideles
258 3583 489 3650 ecclesiasticos
512 3587 545 3650 et
566 3583 726 3650 seculares
748 3585 781 3650 in
804 3583 936 3668 prefatis
959 3583 1067 3666 regnis
1090 3603 1146 3650 seu
1169 3585 1312 3667 partibus
1335 3589 1368 3649 et
1390 3581 1471 3650 alias

119 3669 261 3738 ubilibet
283 3675 523 3750 commorantes,
548 3671 761 3752 cujuscunque
783 3676 896 3754 status,
919 3671 1047 3757 gradus,
1070 3669 1190 3736 ordinis
1212 3669 1264 3735 rel
1285 3669 1472 3736 conditionis

6 3775 8 3816 ;
120 3756 253 3836 luerint,
275 3756 479 3822 obsecramus
501 3757 534 3822 in
557 3757 684 3822 domino
706 3763 739 3823 et
753 3775 810 3840 per
825 3758 1038 3840 aspersionem
1054 3757 1216 3836 sanguinis
1232 3757 1350 3824 domini
1372 3757 1472 3824 nostri

6 3845 8 3864 ¹
120 3844 203 3912 Jcsu
226 3841 347 3909 Christi
370 3842 583 3928 exhortamur,
615 3843 723 3925 eisque
744 3844 778 3908 in
801 3843 1019 3909 remissionem
1047 3847 1246 3926 peccatorum
1269 3861 1397 3910 suorum
1426 3844 1472 3908 in·

117 3929 297 4013 jungimus,
331 3933 487 4010 quatenus
517 3929 593 3994 dum
627 3947 685 4011 pro
711 3934 802 4012 parte
832 3929 974 4006 Fabiani,
1008 3930 1199 3996 moedorum
1222 3933 1254 3995 et
1279 3929 1472 3996 substituen-

6 4037 7 4044 ‘
120 4017 238 4096 dorum
261 4015 488 4100 predictorum,
518 4013 569 4081 vel
600 4014 733 4098 alicujus
764 4035 872 4081 eorum
903 4023 994 4100 parte
1016 4015 1136 4082 luerim
1160 4015 1315 4098 requisiti,
1338 4015 1416 4098 ipsis
1438 4016 1472 4081 in

120 4103 301 4169 exercendo
333 4101 549 4182 inquisitionis
582 4099 685 4167 officio
722 4101 902 4184 huJusmodi
935 4102 1135 4182 assistentes,
1170 4103 1217 4167 eis
1256 4101 1408 4169 auxilium
1439 4109 1473 4167 et

123 4189 267 4256 ‘erotem
289 4193 433 4270 prestent
451 4193 619 4270 oportuna,
647 4206 705 4254 nec
735 4207 792 4270 per
819 4207 854 4254 se
884 4185 936 4256 vel
965 4187 1061 4254 alium
1084 4207 1141 4255 seu
1168 4189 1248 4256 alios
1270 4189 1329 4254 sub
1352 4207 1472 4255 excom·

154 4274 351 4342 ,unitationis
377 4293 468 4359 pena,
500 4292 595 4357 quam
624 4291 717 4340 secus
747 4273 899 4341 iacientes
928 4275 997 4357 ipso
1027 4274 1111 4342 facto
1133 4275 1294 4341 incurrere
1316 4273 1471 4354 volumus,

150 4381 156 4426 ;
177 4381 198 4428 a
219 4379 284 4442 qua
307 4359 432 4427 nonnisi
455 4361 488 4427 iu
510 4361 622 4428 mortis
644 4359 779 4427 articulo
801 4361 966 4428 constituti
993 4380 1049 4443 per
1071 4361 1169 4428 alium
1192 4380 1285 4444 quarn
1307 4379 1472 4427 romanum

150 4448 315 4527 retificem,
340 4455 396 4514 aut
417 4445 594 4514 Fabianum
616 4445 669 4514 vel
691 4447 826 4516 nosnos
849 4466 906 4515 seu
928 4447 1117 4514 substitutos
1139 4447 1280 4532 prefatos
1295 4446 1347 4515 vel
1362 4465 1471 4514 eorum

154 4536 271 4617 iquem,
296 4533 419 4602 absolvi
442 4537 569 4618 queant,
593 4533 890 4618 dictosFabianum,
912 4535 1047 4601 vicanos
1070 4540 1102 4601 et
1124 4535 1313 4602 substitutos
1329 4532 1471 4615 prelatos

154 4621 174 4687 l
195 4639 307 4690 eorum
329 4619 471 4704 aliquem
492 4639 548 4688 seu
571 4620 705 4705 aliquos,
728 4622 894 4704 quominus
917 4619 1053 4688 officium
1069 4621 1251 4705 hujusmodi
1267 4619 1367 4688 libere
1383 4637 1471 4686 exer-
