3406 5262
1406 284 1465 346 167

455 481 649 551 nomm
684 481 776 566 1438,
800 483 843 555 20
865 482 962 572 lulli,
985 483 1135 574 Bagaso.

184 587 336 657 Radosav
350 588 497 672 Dragiiit
516 589 641 656 Kosaba
654 587 782 672 latetur,
798 608 833 658 se
847 590 1005 676 accepisse
1019 613 1039 659 a
1053 591 1223 677 Ragusinis
1237 611 1328 660 suam
1342 597 1467 676 partem

122 693 287 848 iffi?
311 695 405 760 quam
435 675 554 746 Sandal
583 695 717 761 magnus
747 678 899 764 roieroda
928 679 1125 764 deposuerat
1158 679 1292 766 Scripsit
1318 679 1466 750 Vukmau

182 883 235 942 Dr.
253 887 303 942 l'r.
321 885 465 942 Maiobtiid:
483 885 610 942 bionum.
628 886 743 957 serbica,
761 904 788 962 p.
807 887 866 944 391.

401 1077 611 1148 nobum.
639 1078 731 1164 1438,
758 1077 796 1148 17
819 1078 971 1166 Augusti,
995 1078 1184 1152 usurariae.

122 1200 286 1288 waniaco
316 1199 384 1267 ΡΡ.
414 1201 439 1267 I
440 1201 476 1270 V.
499 1203 636 1270 concedit
658 1223 683 1270 a.
708 1201 835 1270 Jocobo¹
848 1201 887 1269 de
909 1200 1054 1269 Morobio
1076 1205 1193 1270 vicario
1217 1201 1349 1288 Boaaoe,
1373 1209 1409 1268 at
1432 1204 1467 1268 io

244 1290 415 1356 ditionibus
436 1293 521 1374 repis
544 1290 736 1374 Haayorioo
752 1291 857 1374 possit
877 1289 1016 1376 recipere
1038 1298 1153 1374 septem
1175 1299 1348 1358 convontus.

185 1413 351 1496 Eugenius
382 1414 443 1481 ΡΡ.
474 1413 531 1482 IV.
563 1413 679 1481 dilecto
707 1411 773 1480 tilio
801 1413 920 1480 Jacobo
949 1415 989 1480 de
1011 1411 1155 1482 Marcbia
1185 1414 1252 1482 ord.
1276 1413 1329 1496 (s.)
1352 1412 1465 1480 Franc.

122 1501 197 1568 min.
219 1500 392 1583 professori
421 1499 557 1569 salutem
589 1507 646 1569 etc.
677 1499 766 1568 Alias
793 1501 833 1568 do
855 1506 911 1568 tua
944 1500 1068 1568 sincera
1090 1501 1122 1565 in
1145 1501 1272 1568 domiuo
1296 1500 1467 1568 devocione

122 1585 354 1672 multiplicique
376 1589 528 1669 bonitate,
559 1589 674 1672 quibus
697 1589 780 1672 apud
802 1605 859 1654 nos
881 1587 976 1670 digne
1001 1587 1238 1656 commendatus
1261 1588 1370 1656 existis
1394 1606 1467 1655 cou-

122 1673 180 1758 fisi,
203 1675 263 1742 tibi
286 1694 343 1760 per
365 1675 446 1743 alias
467 1681 591 1744 nosuas
612 1675 738 1743 litteras
757 1676 842 1742 inter
863 1674 928 1742 alia
949 1679 1070 1759 septem
1092 1674 1164 1742 loca
1178 1694 1236 1757 pro
1253 1681 1374 1759 septem
1393 1693 1469 1742 con-

122 1761 269 1830 ventibus
292 1763 339 1830 tui
361 1764 483 1830 ordinis
506 1781 578 1831 cum
600 1761 751 1842 ecclesiia,
785 1761 1023 1846 campanilibus,
1047 1762 1240 1830 dormitoriis
1263 1767 1297 1829 et
1319 1761 1392 1830 aliis
1416 1779 1471 1828 ne·

123 1851 280 1936 masania,
301 1850 330 1916 si
352 1850 411 1917 tibi
433 1851 545 1918 christi
561 1849 703 1918 fidelium
719 1849 772 1934 pia
787 1848 956 1932 largitione
971 1849 1220 1934 assignarentur,
1236 1849 1418 1932 recipiendi,
1437 1849 1470 1914 in

123 1935 259 2040 illisque·
272 1943 461 2004 conventum
482 1937 663 2042 buiusmodi
685 1937 838 2038 erigendi,
854 1935 1022 2040 ordinandi
1037 1943 1070 2004 et
1085 1935 1267 2020 perficiendi
1281 1935 1468 2006 facultatem

123 2023 755 2198 wnffimffi'toffiozsscfneirpsgo‚htgtorbld
775 2025 1257 2195 folcoimrlgciep'igirldlgtulrruiusmodi
1279 2131 1337 2195 per
1359 2129 1469 2179 eorum

124 2199 261 2282 nomina,
285 2199 538 2266 circumstantias
560 2205 593 2266 et
615 2199 731 2266 vicinia
753 2197 911 2282 descripta
933 2202 965 2265 et
981 2196 1162 2282 specificata
1184 2219 1247 2266 non
1268 2199 1342 2284 sint,
1361 2217 1470 2266 anon-

122 2284 221 2353 nullis
243 2285 419 2374 cavillatur,
441 2286 566 2354 litteras
588 2291 713 2354 nostras
735 2285 914 2352 huiuamodi
946 2285 1028 2353 vires
1050 2305 1113 2351 non
1135 2286 1262 2362 habere,
1285 2291 1390 2368 taqua
1413 2285 1469 2370 qui

122 2373 250 2441 iliarum
272 2374 380 2456 vigore
402 2375 465 2441 dno
486 2374 552 2442 iam
573 2371 643 2442 loca
664 2373 821 2455 recepisti,
846 2374 887 2439 ad
910 2371 965 2438 illa
986 2371 1112 2456 absque
1127 2371 1198 2440 loca
1213 2373 1395 2458 recipienda
1416 2393 1470 2458 po·

123 2465 272 2528 testatem
293 2461 452 2528 habuisse.
475 2459 542 2529 Nos
570 2461 713 2528 volentes
742 2460 776 2526 in
810 2459 874 2526 hiis
895 2459 1070 2542 providere,
1094 2479 1132 2527 ac
1154 2460 1291 2528 cuiusvis
1314 2460 1468 2544 ambigui-

122 2547 200 2616 tatis
222 2547 406 2632 scrupulum
426 2567 582 2628 amovere,
599 2547 787 2616 auctoritate
802 2545 975 2632 apostolica
991 2552 1099 2614 tenore
1114 2548 1310 2632 presentium
1326 2548 1471 2616 decemi-

124 2653 195 2702 mus
218 2641 250 2703 et
273 2635 482 2738 declaramus,
505 2642 612 2703 nostra
633 2635 817 2738 intentionis
839 2633 937 2702 fuisse
959 2639 993 2736 et
1012 2653 1093 2735 esse,
1117 2641 1149 2701 to
1165 2635 1233 2702 loca
1247 2641 1379 2718 septem,
1396 2653 1473 2736 ‘¹¹3⁰‘

123 2741 248 2876 tmoli
264 2721 735 2893 oilboirottbttb
751 2723 1474 2895 litblltrzrobbtbtbtbblt

124 2901 306 2976 conventus,
329 2899 503 2964 secundum
524 2903 666 2964 tenorem
688 2897 843 2964 nieorum
866 2894 1046 2963 litterarum
1073 2901 1252 2964 nostrarum
1273 2897 1416 2980 potuisse
1439 2904 1472 2964 et

123 3002 219 3068 posse
242 2985 275 3050 in
299 2985 443 3052 omnibns
466 2989 498 3051 et
520 3003 577 3068 per
598 2985 712 3064 omnia,
736 3001 774 3050 ac
797 2983 825 3049 si
847 2982 919 3050 loca
940 2983 1119 3050 huiusmodi
1136 3002 1194 3065 per
1208 3002 1317 3051 eorum
1332 2984 1470 3066 nomina,

122 3071 240 3138 vicinia
274 3076 308 3136 et
340 3069 474 3140 confinia
504 3070 648 3153 specifice
678 3071 710 3136 in
742 3070 835 3138 dions
864 3070 982 3138 littoris
1013 3069 1172 3153 descripta
1202 3075 1235 3136 et
1268 3071 1474 3138 denominata

125 3159 270 3226 fuissent.
293 3156 364 3224 Non
387 3159 586 3226 obstantibus
608 3157 763 3225 Bonilacii
786 3157 865 3224 VIII
887 3157 1119 3242 predecessoris
1141 3157 1241 3224 nostri
1264 3161 1296 3224 et
1318 3157 1390 3226 aliis
1404 3158 1473 3240 qui·

125 3245 235 3313 busvis
259 3245 535 3312 constitutionibus
563 3244 754 3328 apostolicis,
786 3245 883 3312 etiam
905 3246 932 3310 si
958 3243 1039 3311 tales
1061 3249 1176 3330 essent,
1200 3246 1239 3312 de
1262 3243 1377 3328 quibus
1399 3264 1473 3328 spe·

123 3331 213 3400 cialis
244 3349 397 3416 expressa
425 3332 624 3416 presentibus
653 3331 773 3398 mentio
802 3331 949 3400 habenda
978 3336 1072 3412 esset,
1095 3351 1228 3414 quarum
1250 3337 1392 3399 tenorem
1421 3331 1473 3399 hic

123 3419 234 3486 baberi
265 3417 410 3486 volumus
439 3439 496 3504 pro
527 3417 718 3486 sufficienter
748 3418 914 3504 expressis,
939 3418 1115 3501 ceterisque
1144 3419 1312 3487 contrariis
1341 3419 1473 3502 quibus-

125 3525 258 3589 cunque.
282 3505 371 3572 Nulli
393 3525 469 3590 ergo
493 3507 619 3574 omnino
641 3506 804 3574 hominum
826 3506 921 3574 liceat
942 3505 1025 3572 banc
1054 3506 1202 3590 pagiuam
1225 3511 1333 3573 nostre
1355 3508 1471 3574 consti·

129 3594 270 3680 brtiouis,
293 3591 516 3662 demorationis
538 3598 570 3663 ot
592 3594 764 3662 voluntatis
786 3593 966 3679 intringere,
989 3591 1040 3660 vel
1063 3595 1091 3659 ei
1108 3611 1188 3660 ausu
1210 3593 1380 3661 temerario
1398 3611 1470 3662 eon·

126 3681 226 3748 maire
249 3685 309 3746 etc.
334 3680 452 3748 Datum
482 3680 629 3749 Ferraria
659 3701 741 3748 anno
772 3679 996 3749 incarnationis
1025 3680 1189 3748 Dominica
1211 3705 1289 3749 uoce
1310 3681 1472 3750 tricasimo

124 3767 397 3923 ffiw’llloeimo
418 3773 507 3836 sexto
528 3767 655 3837 kalend.
678 3768 885 3854 Septembris,
909 3765 1111 3852 pontificatus
1133 3769 1234 3836 nostri
1256 3774 1469 3838 anuooctavo.

156 3906 164 3921 .
208 3875 226 3922 e
289 3855 420 3924 orantia.

178 3978 221 4034 Ex
239 3977 368 4048 originali
385 3977 414 4032 in
433 3975 550 4033 tabulas.
569 3975 691 4049 provinc.
710 3991 747 4032 ae.
766 3975 919 4032 Salvatoris
937 3975 1014 4032 fratr.
1031 3975 1129 4034 minor.
1148 3972 1356 4048 Gybngybsien.

386 4150 612 4221 occursus
640 4149 732 4238 rosa,
759 4149 798 4221 rs
821 4149 1031 4240 seponere,
1055 4149 1204 4238 uagum

193 4274 383 4360 Stephanus,
416 4293 551 4360 magnus
582 4277 736 4360 vojeroda
767 4259 916 4361 Bosnae,
945 4275 1118 4359 voJ'evodao
1150 4273 1268 4342 Sandal
1302 4293 1340 4342 ex
1373 4273 1472 4343 fratre

128 4381 233 4448 nepos,
256 4362 386 4444 latetur,
409 4381 444 4429 se
466 4363 623 4446 accepisse
653 4381 742 4430 suam
765 4367 888 4448 partem
910 4364 1064 4448 pecuniae
1079 4363 1119 4430 ab
1142 4364 1251 4431 eodem
1275 4359 1393 4432 Saudal
1416 4363 1470 4430 de-

129 4452 257 4534 positae.
283 4448 417 4534 Scripsit
439 4449 585 4518 Vukman
607 4451 750 4534 Jugovio.

189 4571 237 4629 Dr.
254 4569 307 4629 lb.
325 4568 466 4628 uiuent:
484 4571 610 4630 limum.
628 4569 741 4640 aerbica,
760 4587 789 4643 p.
806 4570 867 4628 396.
