3410 5258
6 2 236 167 Γ
295 1 313 4 f

1404 258 1467 323 299

118 458 225 526 distem
248 457 366 528 fratres
388 460 528 544 predicte
551 461 702 530 custodie.
726 461 788 540 Qui
810 465 916 530 eustos
930 461 1040 528 visitet
1057 467 1090 529 11
1104 461 1200 530 iaciat
1214 463 1320 530 omnis
1334 463 1366 529 in
1382 463 1467 530 dicta

120 547 278 630 custodia,
302 547 454 632 11111111
482 548 655 631 predictus)
686 554 777 632 peter
806 549 943 616 vicarius
966 549 1094 633 puriter,
1118 553 1248 634 excepto
1271 551 1355 632 quod
1379 555 1469 632 pater

118 632 272 714 sicarius,
295 635 324 700 si
345 635 414 714 sine
435 633 575 718 periculo
598 636 745 719 potuerit,
769 635 899 704 visitare
922 655 976 702 eos
998 637 1098 720 possit
1118 636 1201 702 sieut
1217 635 1355 718 reliquos
1370 638 1468 702 totins

119 720 249 803 neeric,
274 721 415 788 sednon
445 722 557 805 punire
587 723 655 787 sine
685 721 816 790 consilio
837 729 871 790 et
893 741 1045 789 consensu
1067 723 1207 790 custodis
1233 727 1267 788 et
1289 722 1467 805 aliquorum

118 811 250 890 patrum
273 807 523 890 deputandorum
546 810 587 876 ab
611 809 688 892 ipsis
709 809 854 892 patribus
877 810 962 878 dicte
983 809 1135 876 custodie.
1158 811 1240 876 Item
1264 811 1346 890 qnod
1362 811 1466 878 dietus

119 898 230 961 custos
253 899 402 962 teneatur
421 895 469 962 ire
491 893 532 962 ad
555 895 729 978 capitulum
751 896 920 979 provincie,
948 898 1074 978 quaudo
1096 895 1164 962 sine
1187 895 1326 978 periculo
1350 897 1468 980 poterit

118 979 275 1048 secedere
298 986 331 1046 et
352 982 385 1046 in
407 981 477 1065 ipso
498 981 637 1064 capitulo
660 982 765 1050 fucere
787 983 869 1050 sieut
890 979 946 1050 alii
968 984 1122 1048 custodes.
1146 983 1229 1048 Item
1251 1000 1406 1066 casuque
1425 983 1466 1049 ad

119 1065 299 1149 capitulum
321 1070 471 1135 accedere
501 1087 563 1134 non
593 1071 692 1150 possit
722 1070 790 1138 sine
813 1067 962 1152 periculo,
986 1075 1062 1134 tune
1084 1073 1116 1136 et
1139 1088 1176 1136 eo
1199 1087 1274 1136 esen
1297 1075 1469 1153 congreget

119 1153 316 1234 guudiunos
351 1161 384 1220 et
416 1155 569 1222 discretos
599 1157 698 1224 totius
727 1156 870 1224 custodie
896 1161 930 1222 et
959 1173 1031 1222 enm
1059 1155 1137 1238 ipsis
1171 1154 1221 1222 vel
1244 1157 1355 1223 maiori
1377 1163 1468 1239 parte
1497 1181 1499 1186 ·

118 1240 264 1324 ipsorum
287 1239 383 1310 ndat
404 1243 596 1324 guardianos
619 1249 651 1310 11
673 1242 798 1325 reliqua
819 1243 966 1326 disponat
986 1243 1068 1308 sicut
1090 1243 1121 1306 in
1144 1241 1283 1324 cepitulo
1307 1242 1375 1309 fieri
1394 1261 1466 1308 eou-

120 1332 250 1394 snetum
273 1335 330 1394 eat
362 1327 424 1404 Qui
452 1329 619 1412 guardiam
651 1331 851 1396 nominentur
880 1335 913 1396 et
934 1335 1157 1412 presentantur
1183 1328 1322 1412 capitulo
1344 1329 1468 1412 provin·

120 1411 196 1479 ciali
219 1413 315 1480 simnl
337 1433 406 1482 cunr
429 1415 579 1498 predictis
602 1416 704 1482 tribus
724 1417 869 1500 patribus
891 1421 924 1482 11
946 1434 1000 1482 111
1023 1415 1197 1497 capitulum
1212 1421 1356 1484 teneatur
1374 1415 1466 1482 insti·

122 1507 216 1566 tuere
239 1501 272 1566 in
295 1501 486 1584 guardianos
508 1503 580 1581 nisi,
603 1521 641 1569 ex
663 1502 771 1586 eliqua
793 1503 961 1570 manifeste
983 1521 1078 1570 causa
1100 1501 1239 1584 aliquem
1261 1522 1370 1570 eorum
1384 1503 1465 1569 reiu-

121 1585 273 1670 tarerint,
297 1587 330 1654 in
353 1607 415 1670 quo
438 1607 513 1656 casn
536 1588 633 1660 alium
655 1591 823 1658 instituant
844 1589 913 1656 loeo
935 1587 1066 1656 refutati
1089 1591 1128 1656 de
1151 1608 1303 1656 consensu
1324 1591 1464 1656 custodis

122 1673 267 1760 predicte
291 1675 432 1746 custodie
455 1681 488 1742 et
510 1673 689 1756 aliquorum
712 1683 848 1758 petrum.

189 1760 275 1826 Item
308 1763 392 1844 qnod
425 1779 486 1828 non
516 1764 616 1846 possit
644 1769 733 1845 pater
763 1763 900 1830 vicarius
931 1761 1090 1842 provincie
1122 1761 1262 1844 aliquem
1289 1763 1401 1844 punire
1430 1763 1470 1831 de

124 1845 211 1930 dicte
234 1849 378 1914 custodia
406 1848 445 1916 de
475 1850 649 1919 commissis
681 1855 754 1916 ante
783 1850 995 1916 visitationem
1025 1847 1125 1932 patris
1148 1849 1307 1916 Francisei
1331 1849 1371 1914 de
1393 1848 1469 1931 Scy·

124 1933 226 2014 miris,
250 1933 456 2002 commissarii
479 1935 580 2018 patris
602 1937 712 2006 vicarii
733 1936 899 2019 generalis,
923 1935 1011 2002 missi
1028 1953 1109 2002 anno
1129 1937 1248 2002 domini
1276 1941 1365 2001 1486.
1389 1937 1470 2002 Item

125 2021 211 2104 quod
236 2020 373 2090 sicarius
394 2023 555 2106 predictus
587 2041 648 2089 non
671 2024 772 2106 possit
793 2021 902 2106 alique
928 2023 1010 2088 bona
1032 2021 1159 2090 adleta
1181 2023 1324 2092 custodie
1346 2022 1471 2089 auferre

124 2108 194 2174 sine
219 2107 349 2175 consilio
373 2117 406 2175 et
428 2127 581 2175 eumenen
604 2109 737 2192 predicti
760 2110 899 2177 custodis
921 2113 955 2176 et
969 2108 1214 2191 guardianorum
1229 2127 1299 2176 cum
1315 2109 1471 2191 diseretis,

126 2193 177 2261 rel
200 2194 317 2261 maiori
339 2201 431 2278 parte
453 2215 571 2262 eorum.
602 2195 683 2262 Item
706 2197 790 2280 quod
819 2215 881 2262 non
903 2195 1005 2280 possit
1026 2195 1194 2262 extrahere
1216 2195 1333 2264 iratres
1355 2196 1395 2262 de
1416 2195 1473 2260 ille

126 2282 274 2347 custodie
295 2283 364 2348 sine
387 2301 541 2350 consensu
564 2283 704 2350 custodis
726 2289 759 2350 et
780 2285 995 2366 predictorum
1017 2281 1068 2349 rel
1083 2282 1213 2350 maioris
1235 2285 1336 2366 pertis
1352 2300 1471 2349 eorum.

126 2365 208 2434 Item
232 2369 316 2450 quod
338 2369 453 2436 iratres
475 2369 615 2452 predicte
638 2371 779 2437 custodie
810 2389 870 2434 non
902 2370 1022 2452 possint
1044 2371 1181 2436 retinere
1203 2368 1342 2451 aliquem
1364 2368 1473 2450 fugiti-

127 2473 201 2520 rum
227 2454 268 2520 de
299 2457 384 2522 dicte
413 2455 541 2538 vicaria,
572 2475 631 2522 nee
659 2454 779 2524 seilicet
807 2455 926 2524 vicaria
958 2455 1126 2538 fugitivum
1148 2455 1189 2524 de
1211 2457 1296 2524 diets
1318 2457 1472 2540 custodia,

128 2541 186 2608 aed
209 2545 379 2608 teneantur
402 2561 456 2608 eos
478 2544 641 2610 remittere
664 2543 704 2609 ed
725 2542 865 2627 prelatos
887 2561 961 2609 snos
982 2543 1194 2625 corrigendos.

6 2635 7 2638 ’
195 2626 383 2696 Mandatum
406 2647 531 2712 qnoque
553 2629 642 2696 robis
664 2630 809 2696 omnibus
831 2636 898 2698 tam
921 2627 1053 2711 prelatis
1071 2648 1166 2710 quam
1182 2629 1317 2695 subditis
1333 2629 1473 2696 custodie

7 2711 8 2716 ’
127 2713 340 2780 0111111111
370 2715 483 2797 Bosne,
506 2735 546 2782 ne
578 2715 739 2800 recipiatis
768 2715 901 2786 fratrem
931 2715 1134 2782 Franciseum
1166 2713 1333 2794 Slatarich‚
1358 2715 1417 2780 nisi
1440 2734 1475 2782 se

127 2799 277 2867 subiiciat
298 2801 465 2883 discipline
488 2809 521 2870 et
542 2803 728 2870 correctioni
750 2803 856 2870 debite
878 2821 937 2884 pro
956 2801 1022 2867 suis
1037 2802 1227 2884 excessibus,
1243 2820 1302 2868 nec
1317 2802 1363 2868 sie
1377 2801 1474 2868 etiem

7 2933 8 2980 ,
127 2892 278 2968 receptus
299 2893 522 2971 promoveatur
544 2891 585 2956 ed
608 2889 747 2972 aliquam
769 2887 978 2972 prelationem
1000 2907 1057 2954 seu
1080 2887 1217 2954 officium
1232 2891 1316 2955 inter
1331 2907 1397 2968 voa,
1414 2888 1474 2955 nisi

7 2999 9 3060 ς
128 2973 167 3040 de
191 2973 324 3042 lieentia
345 2993 371 3039 r.
394 2994 425 3058 p.
449 2975 560 3042 ricard
582 2974 741 3058 generalis
764 2974 816 3042 vel
838 2973 969 3058 capituli
992 2975 1157 3056 generalis.

191 3059 275 3127 item
299 3061 382 3143 quod
405 3061 512 3146 nullqs
535 3070 601 3129 1111
624 3061 765 3145 prelatus
787 3080 883 3144 quem
904 3061 1051 3130 subditus
1074 3081 1114 3128 ex
1137 3061 1224 3128 vobis
1242 3061 1389 3130 omnibus
1412 3061 1475 3125 dir-

130 3151 217 3212 recte
248 3147 301 3214 rel
330 3147 483 3215 indirecte
512 3154 660 3232 procuret
689 3149 728 3215 de
760 3155 874 3227 cetero,
905 3149 989 3230 quod
1012 3147 1069 3214 list
1091 3147 1197 3230 aliqua
1226 3147 1340 3213 divisio
1362 3147 1394 3212 in
1417 3146 1474 3213 illa

129 3233 262 3310 1111111,
285 3253 343 3300 seu
364 3235 448 3317 quod
471 3235 615 3302 custodia
638 3235 762 3304 Bosnae
785 3233 841 3302 fiat
863 3235 982 3302 rienrra
1004 3253 1061 3320 pro
1084 3253 1135 3316 se;
1159 3238 1216 3301 act
1238 3235 1323 3316 quod
1340 3234 1476 3300 vicarius

131 3317 219 3386 illius
241 3320 359 3388 vicarie
388 3341 449 3387 non
477 3322 577 3405 possit
607 3321 654 3389 ire
684 3325 725 3389 ed
752 3321 901 3404 Bosnem,
931 3321 983 3388 vel
1015 3322 1098 3404 quod
1133 3326 1238 3388 eustos
1260 3321 1389 3388 bosnec.
1413 3339 1475 3386 non

129 3406 230 3490 possit
252 3407 363 3474 111111
385 3409 559 3492 capitutum
582 3407 770 3492 provinciae.

193 3493 382 3576 Quicunque
404 3501 512 3562 autern
535 3494 655 3578 aliquid
671 3495 895 3579 premissorum
910 3493 1131 3562 contrafecerit
1146 3495 1291 3577 scienter,
1307 3494 1376 3578 ipso
1391 3492 1476 3560 laeto

130 3579 255 3646 actibus
277 3579 429 3664 legitimis
451 3600 486 3648 se
507 3583 631 3648 11111111
654 3601 724 3649 esse
748 3581 915 3664 privatum.

189 3681 323 3738 Tabulae
341 3684 458 3740 vatican.
476 3683 538 3740 eod.
556 3699 623 3739 mss.
641 3700 739 3738 mman
758 3685 776 3738 2
793 3699 833 3738 nr.
852 3683 887 3737 23
906 3682 953 3738 fol.
973 3683 1120 3738 121-122.

130 3827 370 3923 niuuxxvm.
397 3855 491 3944 1487,
517 3857 556 3927 15
580 3855 998 4014 ⁸⁰¹’oemi'rsss'affiwm
1020 3873 1047 3926 s.
1071 3853 1195 3928 llarlae
1217 3855 1258 3926 de
1280 3855 1360 3925 lesu
1377 3871 1476 3943 prope

131 4061 183 4129 Fr.
205 4063 352 4130 Joonnea
375 4065 413 4130 de
435 4065 582 4150 Styeetro,
614 4067 750 4132 vicarius
778 4066 935 4150 pererratis
968 4064 1476 4149 1111ἰηί111.Μ11111111111111-

133 4151 212 4214 “ium
247 4149 384 4234 Bomos,
416 4155 566 4232 quomodo
597 4155 632 4216 r'rr
662 4153 1012 4305 Ξῖἱῗιὲῗάῖᾌιγῖὲξο1ἰὼ
1041 4153 1281 4236 pertractandis
1310 4171 1342 4217 sc
1372 4171 1478 4236 perere

772 4291 780 4322 ,
938 4289 944 4303 .

193 4355 320 4424 Littere
342 4359 527 4442 responsiva
549 4359 641 4428 fratri
664 4359 813 4428 Michaeli
837 4362 877 4427 de
901 4359 1051 4427 Ororetie
1073 4359 1190 4426 vicario
1207 4359 1336 4425 Bosnse.
1361 4357 1478 4440 Recepi

140 4443 272 4510 riratre
294 4443 425 4532 tamne,
458 4449 653 4531 presentium
683 4446 794 4528 111111,
825 4447 951 4514 litteras
981 4453 1063 4523 tuas,
1095 4466 1132 4512 ex
1164 4447 1279 4528 quibus
1302 4461 1372 4510 eum
1395 4443 1477 4509 rela-

140 4529 215 4596 tione
237 4530 340 4614 ipsius
370 4531 478 4600 iretris
509 4535 621 4602 Jacobi
652 4533 744 4618 plene
765 4533 915 4614 intellexi,
944 4537 1027 4616 quod
1050 4531 1161 4599 iecerit
1182 4531 1281 4600 freter
1303 4531 1417 4597 Petrus
1439 4530 1479 4596 de

140 4615 249 4702 licinio,
274 4635 377 4703 quem,
400 4625 437 4688 nt
459 4621 585 4704 usseris,
602 4621 704 4688 oifieio
727 4620 816 4704 illius
837 4619 989 4702 cqstpdte‚
1013 4621 1063 4689 eui
1082 4627 1219 4703 preerat,
1242 4617 1376 4700 privasti
1390 4615 1479 4687 iuxta
