3394 5266
573 511 763 581 CCCLXlIl.
792 512 884 598 1403,
912 511 952 584 10
974 513 1078 593 Junll,
1103 513 1251 600 Ragusli.

304 633 420 704 Restm
441 634 592 719 Aloysius
613 637 653 702 de
675 635 761 703 Gora
783 639 816 701 et
838 653 1002 702 commune
1030 637 1213 720 ragusinum
1241 637 1356 704 nuncio
1377 657 1436 704 suo
1460 639 1501 706 ad
1525 637 1588 704 Bo-

235 721 326 790 !le
348 741 456 806 regem
480 721 577 791 Paolo
599 723 640 789 de
664 722 808 790 Goudola
837 723 981 805 iniunxit,
1005 730 1042 788 ut
1063 745 1083 789 a
1104 743 1181 807 rege
1202 725 1344 807 postulet
1370 726 1493 792 intaeta
1516 744 1588 793 ser.

237 809 307 877 rari
328 817 421 894 pacta
451 809 531 876 inita
560 827 632 876 cnm
661 810 800 894 Ragusio
830 811 891 876 snb
922 811 1023 893 ipsius
1054 813 1361 894 praedecessoribus,
1393 814 1588 896 praeprimis

236 897 309 966 aria
330 897 532 978 Elisabetha3
555 897 633 964 item
655 903 690 964 nt
711 899 816 981 ipsum
838 897 1037 980 persuadeat,
1060 917 1223 964 commune
1246 919 1308 965 non
1324 919 1418 984 posse
1432 919 1587 983 rumpere
1686 921 1688 926 ¹

238 991 333 1068 pacta
353 1001 424 1052 cum
447 984 622 1068 ilungaria,
647 984 820 1068 denegasse
851 990 958 1053 tamen
980 985 1048 1067 regi
1071 985 1230 1053 Ludovico
1251 987 1408 1054 tributum
1431 987 1589 1056 Bossinae

236 1071 307 1140 dari
330 1071 469 1154 solitum
492 1073 560 1155 regi
582 1077 688 1140 autem
712 1070 915 1156 sigismundo
936 1072 1095 1140 extradari
1117 1071 1271 1142 familiam
1292 1075 1519 1143 Radivoevich.

299 1191 688 1264 meermannianam,
707 1209 734 1264 p
753 1193 813 1248 115.

570 1347 758 1418 CCCLXIV.
786 1348 877 1434 1403,
901 1348 941 1419 13
964 1347 1068 1436 Juull,
1090 1351 1243 1438 Ragusll.

299 1471 416 1540 Rector
446 1473 595 1557 Aloysius
624 1473 664 1540 de
693 1473 779 1540 Goze
806 1479 840 1541 et
869 1491 1032 1542 commune
1055 1475 1240 1557 ragusinum
1264 1475 1424 1558 Stephano
1446 1477 1489 1544 de
1520 1475 1588 1544 Lu·

235 1559 332 1642 chari,
356 1561 470 1627 nuncio
494 1580 552 1628 suo
584 1560 625 1628 ad
647 1563 812 1644 rojrodam
841 1561 987 1646 Berroia,
1021 1561 1140 1644 scribit,
1163 1563 1291 1628 veritati
1315 1582 1375 1629 non
1399 1563 1470 1644 niti,
1497 1565 1589 1647 quod

274 1665 292 1714 r
312 1665 405 1714 suum
427 1649 576 1716 nuncium
598 1648 719 1716 Ratcbo
743 1648 936 1716 blisanoricb
960 1648 1021 1732 ipsi
1043 1649 1220 1734 pertulerat
1242 1651 1283 1718 ad
1309 1650 1466 1730 notitiam,
1494 1651 1587 1718 ride·

249 1735 311 1802 'cet
333 1752 590 1802 commonacum
619 1753 695 1819 rege
727 1735 927 1819 sigismundo
958 1737 1139 1819 conspirare
1161 1739 1270 1804 contra
1292 1737 1446 1804 Bossinae
1469 1757 1590 1820 regem

234 1821 411 1908 Hostoiam,
434 1839 531 1906 seque
553 1842 573 1888 a
594 1820 656 1890 fide
684 1825 760 1890 data
781 1823 855 1890 buic
883 1824 961 1907 regi,
986 1824 1137 1905 vojrodae
1160 1829 1192 1888 et
1215 1824 1295 1907 ,toti
1318 1825 1490 1892 Bossiuae“
1523 1845 1589 1892 non

236 1927 451 1991 recessurum
474 1910 612 1995 nunciet,
635 1909 770 1978 Paulum
803 1911 1006 1996 Masbovicb,
1037 1912 1091 1993 qui
1115 1909 1347 1978 deliberaverat
1368 1912 1416 1978 ire
1438 1912 1588 1995 primum

234 1997 277 2063 ad
307 1997 419 2064 ducem
450 1997 623 2066 Mediolani
652 1999 702 2064 rel
731 1999 771 2065 ad
798 1997 959 2064 dominum
991 1999 1213 2078 Raimundum,
1248 2003 1359 2081 postea
1394 2000 1435 2066 ad
1469 2017 1591 2082 regem

235 2081 330 2168 Cyp’
364 2085 548 2152 bannaisse
571 2084 698 2152 tandem
720 2104 777 2168 per
800 2084 997 2154 Sclaroniem
1022 2087 1054 2150 in
1078 2084 1281 2166 Valachiam;
1304 2087 1390 2152 dicat
1412 2087 1588 2170 vojvodae‚

276 2103 501 2255 mnbmnium
522 2171 565 2238 sit
587 2171 699 2240 civitas
720 2171 829 2254 libera,
853 2171 1084 2238 Radiasicbium
1099 2172 1259 2238 extradari
1275 2192 1337 2238 non
1352 2191 1458 2256 posse,
1475 2176 1592 2258 prouti

236 2275 294 2325 nec
315 2257 476 2342 Hungaris
490 2257 607 2325 tradita
623 2256 727 2324 lueret
742 2255 862 2325 familia
877 2257 1007 2324 Juracbi
1024 2257 1253 2336 Radiroevich3
1270 2257 1399 2328 tandem
1422 2261 1593 2342 exprimat

235 2345 475 2413 admirationem
505 2363 601 2428 supra
630 2345 838 2426 requisitione
867 2345 953 2426 regia
982 2344 1121 2428 Ostoiae,
1145 2351 1181 2412 ut
1209 2345 1384 2428 Ragusium
1413 2347 1477 2430 ipsi
1512 2368 1592 2416 sese

237 2432 405 2499 submittet
426 2438 460 2498 et
481 2431 604 2500 Boenae
627 2429 743 2499 vexilla
764 2428 883 2512 elevet;
906 2431 1013 2498 mirari
1037 2433 1164 2514 quidem
1186 2451 1223 2499 eo
1245 2436 1357 2519 magis,
1389 2435 1474 2516 quod
1501 2454 1592 2504 com·

237 2535 333 2586 mune
366 2521 501 2586 eundem
532 2537 650 2602 regem,
680 2537 779 2603 nuper
809 2519 862 2604 „in
892 2518 1029 2586 Bissiae“
1062 2526 1315 2602 commorantem,
1348 2522 1514 2603 invitaet,
1553 2529 1593 2590 ut

238 2604 412 2690 Ragusium
434 2605 550 2674 veniat.

304 2728 423 2786 ealda:
443 2725 684 2800 Diplomatsrium‚
703 2745 730 2800 p.
750 2727 895 2784 116-117.

597 2903 768 2972 CCCLXV.
795 2901 888 2985 1403,
915 2901 952 2972 11
977 2901 1071 2987 Julli,
1097 2899 1229 2973 Jadrao.

305 3045 454 3114 blathous
483 3045 524 3112 de
556 3043 587 3112 S.
618 3045 753 3113 Minieto
784 3044 972 3114 cancellario
1002 3041 1168 3110 florentino
1201 3043 1329 3112 Colucio
1358 3046 1398 3114 de
1432 3044 1597 3115 Salutatis

150 3204 153 3210 ,
238 3131 349 3204 scribit
377 3133 462 3201 inter
491 3137 633 3200 caetera:
670 3133 765 3216 ,Heri
795 3133 856 3199 bue
884 3131 1037 3215 applicuit
1069 3132 1209 3214 vsyroda
1238 3133 1329 3216 regni
1359 3132 1504 3212 Bossine,
1541 3135 1596 3202 cui

238 3219 552 3324 nononchervoya,
575 3221 722 3306 princeps
742 3239 876 3322 magnus
898 3226 931 3287 et
954 3219 1190 3300 potentissimus
1212 3221 1351 3320 omnium
1373 3221 1464 3304 regni
1487 3221 1597 3303 illius,

238 3305 1324 3478 1111111111.11111111111111111111111
1345 3316 1600 3478 illitati

239 3483 387 3552 comitiva
409 3483 554 3552 maxima.
586 3483 688 3550 Homo
718 3483 786 3566 ipae
808 3487 980 3567 paterenus
1002 3487 1070 3564 est3
1101 3482 1157 3548 sed
1179 3483 1273 3548 datur
1294 3483 1382 3563 ordo,
1405 3488 1441 3548 nt
1464 3484 1485 3550 d
1524 3503 1598 3552 car-

238 3569 355 3640 dinalis
377 3571 525 3639 crismate
547 3590 620 3640 eum
643 3569 805 3638 confirmet
828 3575 861 3638 et
882 3571 1015 3636 reducat
1041 3569 1081 3635 ad
1103 3567 1210 3634 lumen
1234 3587 1308 3635 vere
1329 3569 1460 3650 salutis;
1485 3576 1524 3638 et
1550 3573 1601 3639 sic

239 3659 308 3744 ipse
331 3660 393 3726 lam
417 3657 564 3726 assentiri
587 3659 713 3726 ridetur
744 3655 803 3724 sub
825 3677 890 3741 spe,
910 3661 946 3722 ut
977 3657 1008 3722 d.
1032 3675 1088 3721 rex
1109 3655 1215 3737 ipsum
1238 3657 1408 3724 constituat
1430 3658 1603 3726 marchio·¹

239 3765 312 3814 nem
334 3747 367 3812 in
392 3745 537 3828 partibus
558 3745 700 3828 Bossine,
724 3751 817 3830 prout
839 3745 918 3810 mibi
933 3742 1049 3813 asserit
1063 3743 1093 3808 d.
1111 3741 1367 3828 archiepiscopus
1382 3743 1600 3830 spalatensis,

240 3835 361 3904 amicus
383 3852 460 3901 suus
483 3838 515 3901 et
538 3833 658 3902 vicinus
675 3885 683 3901 .
700 3883 734 3902 ..

291 3953 412 4012 Arcbivo
430 3951 533 4011 elorico
550 3953 664 4010 italiano
682 3951 734 4023 IV,
754 3955 769 4008 1
788 3969 815 4025 p.
835 3953 894 4008 216.

562 4128 746 4198 ccccxvi.
775 4127 868 4212 1403,
895 4126 911 4198 1
935 4126 1085 4215 Augusti,
1108 4127 1263 4215 Ragusil.

303 4269 417 4338 Rector
440 4271 613 4337 communis
634 4270 764 4353 Ragusii
786 4269 948 4338 lohannes
970 4269 1079 4335 Menae
1109 4285 1180 4336 eum
1202 4267 1316 4336 minori
1338 4267 1585 4354 eonsilioroga

237 4362 342 4427 torum
366 4358 498 4426 fratrem
519 4357 677 4425 Marinum
700 4358 740 4424 de
771 4357 948 4440 „Bodeza“,
976 4356 1094 4422 ordinis
1117 4375 1141 4421 s.
1167 4355 1326 4422 Francisci
1353 4355 1403 4436 ,in
1427 4356 1589 4427 vicariatu

239 4443 392 4513 Bossiue“
416 4447 589 4530 custodem,
616 4446 786 4525 ,Jadram
802 4495 809 4511 .
824 4497 830 4511 .
847 4443 887 4512 ad
909 4463 1016 4528 regem
1038 4441 1221 4510 Ladizlaum
1242 4462 1279 4510 ac
1301 4443 1342 4510 ad
1364 4447 1469 4510 certos
1494 4443 1585 4514 baro

238 4533 315 4599 ues“
339 4532 438 4600 mittit
460 4533 684 4600 committendo
707 4533 747 4612 ei,
771 4537 806 4598 ut
828 4551 874 4612 ea,
892 4551 971 4614 quae
987 4531 1112 4615 scriptis
1127 4533 1277 4598 mandata
1293 4537 1375 4610 sunt,
1393 4537 1585 4612 exequatur
1651 4596 1653 4602 .

238 4619 362 4689 Petitur
392 4615 543 4689 auxilium
575 4626 685 4687 contra
714 4619 836 4686 Boenae
866 4637 976 4702 regem
1006 4617 1158 4694 Ostoiam,
1192 4618 1253 4700 qui,
1284 4635 1382 4701 quum
1417 4635 1589 4688 commune

238 4721 308 4778 sese
338 4708 397 4796 ipsi
426 4707 580 4778 subiicere
609 4705 717 4790 nollet,
749 4706 816 4774 cius
848 4705 1027 4774 districtum
1056 4723 1127 4774 cum
1150 4705 1289 4774 exercitu
1321 4722 1495 4790 agarem
1534 4715 1585 4778 est
