3428 5256
200 280 263 350 180

197 486 273 557 filiis
295 485 404 557 electis
433 487 612 578 abhatibus,
642 489 809 576 prioribus,
840 490 1138 576 archi-presbyteris
1169 496 1202 562 st
1231 492 1303 562 aliis
1334 491 1546 561 ecclesiarum

197 575 359 660 praelatis,
381 594 553 661 eorumque
583 579 861 662 viceagerentibus,
892 598 930 648 ac
951 581 1099 663 capitulis
1130 586 1162 648 et
1184 581 1391 648 conventibus
1415 587 1449 648 et
1471 579 1548 650 aliis

196 663 342 749 personis
364 662 599 753 ecclesiasticis,
615 665 880 752 cisterciensibus,
895 665 1153 751 cluniacensibus,
1169 667 1548 754 praemonstratensibus,

196 757 378 820 sanctorum
401 750 565 820 Benedicti
595 758 628 819 et
656 751 836 840 Augustini,
868 772 906 822 ac
934 753 1071 821 aliorum
1093 774 1362 839 quorumcumque
1385 755 1551 835 ordinum,

197 857 341 906 necnon
363 838 526 921 magistris
548 844 580 906 et
602 841 859 925 praeceptoribus
881 859 918 908 ac
939 840 1091 910 iratribus
1106 841 1273 926 hospitalis
1296 843 1398 910 sancti
1412 841 1551 908 ioannis

197 924 455 1010 ierosolymitsni
485 931 519 994 et
548 926 661 994 beatae
690 927 812 996 Mariae
842 925 1118 1012 Theotonicorum,
1152 929 1277 996 dilectis
1311 946 1437 1013 quoque
1470 926 1550 996 filiis

197 1011 357 1080 nobilibus
386 1013 474 1096 viris,
504 1013 749 1096 marchionibus,
777 1015 944 1083 comitibus
973 1021 1006 1082 ct
1027 1015 1207 1097 baronibus,
1230 1035 1268 1084 ac
1289 1014 1362 1082 aliis
1384 1013 1548 1082 nobilibus

196 1099 387 1184 potentibus,
418 1100 547 1184 insuper
580 1101 763 1188 capitaneis,
798 1101 967 1186 actoribus,
1002 1100 1195 1188 consulibus,
1230 1101 1377 1188 actiacis,
1409 1098 1551 1185 populis,

197 1186 478 1254 communitatibus
492 1194 525 1256 et
540 1188 800 1256 universitatibus
816 1189 989 1274 civitatum,
1006 1193 1182 1257 caseorum
1198 1193 1231 1256 et
1242 1189 1377 1256 aliorum
1391 1187 1547 1268 locorum,

198 1291 237 1340 ac
257 1274 415 1342 universis
437 1278 471 1341 et
492 1274 628 1358 singulis
651 1273 773 1341 Christi
796 1273 942 1343 fidelibus
976 1277 1017 1342 ad
1039 1295 1118 1360 quos
1144 1282 1328 1360 praesentes
1347 1273 1547 1356 advenerint,

197 1359 334 1429 mlutem
357 1365 390 1427 st
411 1360 616 1446 apostolicam
637 1361 896 1430 benedictionem.
921 1329 1001 1429 tium
1023 1364 1064 1430 ob
1084 1362 1220 1431 salutmr
1235 1362 1377 1430 fidelium
1392 1361 1553 1428 Christia-

199 1465 313 1514 norum
343 1454 377 1514 et
410 1448 645 1516 conversionem
675 1447 859 1531 infidelium,
889 1449 1122 1517 haereticorum
1152 1457 1185 1517 et
1218 1450 1491 1516 schismaticorum
1516 1452 1552 1513 et

199 1532 338 1601 aliarum
358 1533 533 1622 nationum,
557 1549 638 1618 quae
661 1543 806 1603 sanctum
839 1553 953 1603 nornen
976 1536 1095 1603 domhri
1118 1542 1151 1603 et
1173 1535 1248 1603 fidei
1270 1535 1445 1603 catholicae
1466 1533 1553 1601 veri-

200 1625 302 1687 tatem
324 1640 387 1688 non
409 1628 594 1704 agnoscunt,
610 1621 759 1690 dilectum
775 1621 875 1690 filium
892 1622 1024 1690 hatrsm
1038 1623 1227 1706 Dyonisium
1241 1623 1281 1690 de
1296 1622 1412 1706 Wylah
1427 1620 1552 1689 ordinis

199 1707 359 1775 minorum
380 1709 632 1775 commissarium
653 1714 797 1778 nostrum
819 1727 891 1776 cum
913 1709 1022 1777 multis
1044 1709 1206 1796 iratribus,
1223 1710 1291 1778 suis
1306 1709 1410 1794 sociis,
1426 1707 1552 1776 ordinis

199 1794 357 1861 minorum
386 1797 428 1862 ad
457 1801 566 1880 partes
597 1795 735 1864 Scithiae
767 1801 800 1863 et
830 1795 1009 1864 lloldaviee
1039 1815 1077 1864 ac
1098 1795 1164 1866 alia
1194 1799 1264 1864 loca
1292 1794 1552 1882 praesentialiter

201 1881 466 1962 transmittamus,
490 1900 548 1950 nos
570 1883 732 1968 cupientes
754 1901 819 1964 eos
843 1888 876 1950 et
894 1881 1066 1966 quemlibet
1082 1902 1192 1952 eorum
1206 1883 1240 1950 in
1254 1882 1342 1968 locis,
1366 1881 1552 1948 unitatibus

199 1974 234 2035 et
255 1968 361 2054 terris,
384 1968 439 2036 ubi
461 1967 600 2036 fructum
629 1969 662 2036 in
691 1967 827 2038 ecclesia
848 1969 909 2036 Dei
939 1967 1037 2036 affere
1058 1989 1151 2054 posse
1173 1969 1386 2055 cognoverint,
1413 1969 1553 2036 verbum

200 2053 264 2120 Dei
285 2055 481 2140 praedicare,
503 2057 612 2124 domos
642 2075 700 2124 seu
720 2056 913 2123 monasteria
942 2057 1066 2140 erigere
1089 2061 1123 2124 et
1144 2055 1218 2140 alia,
1241 2076 1324 2140 quae
1347 2075 1404 2138 pro
1427 2056 1550 2122 honore

200 2141 274 2222 Dei,
296 2139 459 2224 religionis
482 2142 685 2210 observantia
714 2149 747 2210 et
776 2141 850 2244 fidei
883 2143 1075 2244 christianae
1107 2150 1277 2228 augmento
1307 2143 1489 2243 necessaria
1517 2145 1554 2242 et

200 2228 1218 2402 retraxeritis,tutatustttritet
1233 2226 1553 2400 titissstettt

201 2401 447 2470 deliberaverint
480 2403 512 2468 in
536 2402 725 2484 civitatibus,
757 2404 852 2471 terris
883 2407 916 2470 et
937 2403 1015 2471 locis
1038 2403 1161 2485 vestris,
1190 2409 1327 2487 atquae
1350 2401 1551 2487 gubemntis,

198 2488 334 2572 benigne
358 2493 568 2574 acceptantes,
592 2494 626 2555 et
647 2490 764 2556 morari
787 2495 843 2558 aut
866 2486 1001 2558 tramine
1023 2489 1253 2574 praedicationi
1274 2490 1369 2558 etiam
1385 2487 1551 2557 Dominici

198 2575 289 2644 icrbi
310 2593 382 2642 cum
403 2575 563 2643 voluerint
583 2575 740 2660 insistere,
763 2577 957 2644 monasteria
979 2577 1114 2664 erigere,
1138 2583 1170 2644 et
1185 2575 1249 2646 alia
1267 2594 1348 2660 quae
1363 2576 1424 2659 ipsi
1439 2574 1554 2643 velent

197 2660 375 2730 laudabilia
404 2681 501 2746 opera
530 2661 636 2730 iacere
665 2663 887 2747 permittentes
917 2664 1043 2745 auxilia,
1078 2663 1203 2731 favores
1234 2669 1268 2730 et
1300 2661 1479 2746 patrocinia
1503 2661 1553 2730 cis

198 2748 379 2834 praestetis,
402 2749 667 2832 quemadmodum
689 2750 730 2817 ab
751 2751 872 2818 eisdem
893 2751 982 2818 eritis
1006 2751 1160 2834 requisiti,
1184 2749 1391 2818 nihilominus
1417 2748 1553 2832 permit·

198 2839 305 2903 tentes
326 2834 412 2918 ipsos
433 2835 467 2901 in
489 2835 643 2920 eiusmodi
665 2853 808 2917 accensu,
832 2838 969 2904 transitu
991 2842 1026 2904 et
1047 2837 1188 2904 discessu
1215 2855 1288 2904 cum
1311 2854 1422 2903 eornm
1445 2835 1548 2916 libris,

197 2922 312 3005 pannis
336 2925 370 2988 et
391 2922 486 2989 rebus
508 2921 652 2990 omnihus
682 2921 780 2991 libere
813 2923 1006 3008 pertransire
1029 2925 1124 2990 etde
1146 2925 1294 3008 passagio
1316 2927 1387 2991 tuto
1409 2922 1551 3006 navigiis

197 3007 362 3091 oportunis
392 3012 425 3075 et
453 3007 558 3091 gindis
588 3027 626 3077 ac
656 3014 761 3076 scorta
791 3009 839 3076 eis
868 3010 1078 3094 providentes,
1110 3010 1139 3076 si
1169 3027 1249 3094 opus
1280 3009 1388 3094 inerit,
1424 3013 1458 3076 ct
1488 3007 1553 3092 ipsi

197 3093 346 3162 duxerint
372 3093 597 3177 requirendum
625 3114 682 3164 vos
711 3094 818 3163 taliter
846 3095 880 3163 in
909 3097 1092 3181 praemissis
1122 3103 1281 3181 gerentes,
1313 3114 1396 3179 quae
1417 3103 1553 3178 praeter

198 3187 331 3249 aeterna
352 3181 559 3248 beatitudinis
580 3182 732 3265 praemia,
756 3201 837 3265 quae
868 3183 1047 3250 huiusmodi
1068 3185 1225 3251 honorum
1246 3201 1379 3268 operum
1403 3181 1551 3248 fautores

198 3273 444 3350 consequantur,
468 3273 610 3335 noemam
632 3269 729 3336 etiam
751 3269 999 3336 benedictionem
1030 3275 1062 3336 et
1083 3270 1170 3337 sedis
1192 3268 1388 3352 apostolicae
1410 3269 1555 3352 gratiam

198 3354 392 3422 mereamini.
422 3353 544 3422 Datum
572 3354 754 3421 Florentiae
785 3375 869 3422 anno
897 3355 1125 3423 incarnationis
1155 3357 1334 3423 dominicae
1368 3353 1553 3436 millesimo,

199 3441 525 3528 quadringentesimo,
542 3442 945 3525 quadragesimosecundo,
962 3441 1107 3511 kalendis
1122 3443 1143 3508 J
1144 3443 1211 3524 ulii,
1229 3441 1433 3526 pontificatus
1449 3441 1555 3510 noatd

198 3547 281 3595 anno
303 3527 498 3595 duodecimo.
861 3587 864 3592 .
938 3583 942 3588 .
1117 3587 1120 3594 ,
1372 3589 1376 3596 .

262 3613 307 3669 Ex
324 3613 454 3685 exemplo
470 3612 500 3668 ln
517 3611 635 3668 tabuisr.
654 3629 731 3684 prov.
749 3629 786 3669 ss.
805 3611 956 3670 Salvatoris
974 3613 1049 3671 hstr.
1068 3613 1166 3670 minor.
1185 3613 1396 3686 Gybngybsien.

606 3749 770 3820 DCGOIV.
805 3751 898 3835 1442,
925 3751 963 3822 lb
986 3753 1138 3839 Augusti.

265 3871 380 3940 Comes
400 3870 595 3954 Vladislaus,
617 3871 701 3940 filius
723 3873 877 3956 Stephani
899 3875 997 3962 ducis,
1021 3875 1205 3944 societatem
1228 3881 1261 3942 et
1283 3874 1463 3944 amicitiam
1479 3893 1553 3944 cunr

159 4024 161 4029 .
198 3958 339 4042 Regusio
372 3959 442 4040 init,
476 3963 589 4042 hupam
620 3959 775 4042 Konavlje
804 3979 839 4026 se
868 3962 1090 4043 restituturum
1121 3967 1155 4029 et
1184 3961 1416 4048 rempublicam
1440 3967 1556 4030 contra

199 4063 404 4127 quoscunque
426 4043 628 4110 defensurum
651 4063 721 4111 esse
743 4047 909 4130 promittit.

264 4127 444 4196 Kukuly'eoit:
464 4127 575 4184 Invadci
600 4127 693 4184 listina
706 4168 712 4181 .
725 4171 753 4186 ..
771 4131 922 4186 bosanslrih
949 4132 978 4187 in
1002 4133 1097 4190 srktv.
1114 4134 1154 4203 H,
1181 4133 1268 4190 hond
1286 4133 1311 4203 I,
1330 4152 1358 4206 p.
1378 4135 1422 4190 26.
1441 4136 1475 4190 P.
1495 4134 1558 4190 Ka-

199 4196 444 4255 commoreris:
465 4195 563 4254 Srhski
581 4199 741 4269 apamenici,
761 4219 786 4271 p.
806 4201 865 4257 232.

506 4335 651 4404 DGGOV.
678 4335 770 4425 1442,
797 4337 835 4408 17
859 4339 1067 4428 septenbris,
1084 4341 1242 4414 venedis.

265 4455 316 4522 Ad
337 4455 576 4539 requisitionem
598 4457 762 4542 Stephani,
783 4463 892 4544 magni
913 4464 1064 4547 vejvodas
1086 4465 1220 4548 Bornos,
1237 4467 1426 4534 conceditur
1442 4465 1558 4536 salvus

204 4541 378 4608 conductus
400 4543 469 4610 eius
490 4545 678 4612 oratoribus.

267 4624 383 4691 moso:
401 4626 507 4682 Metine
524 4628 577 4697 IX,
596 4629 655 4684 164.
674 4629 777 4685 Deciso
794 4631 811 4685 8
829 4631 958 4688 Octobris
970 4636 1063 4692 salvus
1076 4629 1231 4694 conductus
1245 4637 1430 4709 suspenditur
1445 4655 1556 4709 susque

203 4694 652 4838 iwffitaffiwiirrigl'pqtiiib
662 4705 758 4770 posset
782 4715 842 4756 esse
867 4705 1020 4760 contrarius
1046 4707 1175 4778 impresie
1199 4709 1310 4765 comitis
1329 4707 1469 4780 Stephani
1489 4721 1556 4780 vay-
