3428 5256
1450 212 1511 282 231

170 421 217 488 eis
239 424 274 487 et
296 439 404 489 eorum
427 419 557 488 cuilibet
585 421 618 486 iu
649 421 766 488 virtute
788 423 896 488 sanate
925 419 1103 488 obedientie
1125 425 1157 488 et
1180 420 1238 489 sub
1268 421 1514 492 exeommunica-

171 509 269 576 tionis
289 529 383 592 pena,
406 515 442 576 ut
464 527 535 576 oum
557 507 693 594 primum
724 513 798 577 ate
822 508 941 575 luerint
970 507 1124 592 requisiti,
1148 507 1217 576 aine
1239 507 1390 578 diletione
1416 530 1451 577 se
1473 511 1515 580 sd

171 595 234 664 iter
264 601 369 667 tecum
403 596 576 679 accingant,
608 602 641 664 et
673 603 745 664 tuas
778 595 991 664 ordinationes
1025 615 1061 664 55
1093 596 1244 664 mandata
1275 598 1459 666 obedienter
1481 599 1514 665 in

171 685 294 752 cunetis
316 689 520 766 exequantur.
545 684 663 752 Datum
686 685 784 751 Rome
813 683 898 768 opud
927 703 951 750 s.
976 684 1105 750 Petrum
1126 686 1185 752 sub
1207 684 1325 754 annulo
1347 685 1515 771 piscatoris

170 771 223 839 dio
245 797 311 838 rvrr
332 771 410 839 55511
432 795 599 856 rrooooovn,
622 770 823 854 pontidoatus
845 771 944 838 nostri
967 790 1049 838 anno
1072 771 1174 839 tertio.

168 945 184 1012 f
236 859 290 960 (lu
324 863 443 944 tergo):
473 857 600 926 Dileoto
629 857 696 927 lilio
725 859 844 928 Jacobo
876 859 916 926 de
946 858 1089 927 Marohia
1120 859 1240 928 ordinis
1262 860 1421 930 minorum
1442 879 1514 947 pro

182 965 293 1015 555555.

235 1051 281 1106 Ex
299 1051 426 1124 originali
444 1052 473 1106 in
490 1050 609 1107 tabular.
627 1055 753 1107 5555555
772 1047 888 1106 fratrum
905 1049 1004 1106 minor.
1023 1049 1078 1106 alla
1095 1047 1177 1106 Nova
1194 1049 1335 1124 Neapolit.

518 1190 719 1259 CMLXXIV.
747 1190 839 1273 1457,
863 1189 1016 1272 lilioli,
1040 1190 1169 1262 Rornae

237 1313 382 1384 Calixtus
404 1315 464 1384 ΡΡ.
489 1313 546 1383 ΠΙ.
570 1335 639 1384 uum
664 1315 873 1382 intellexisset
903 1313 1098 1382 nundinalem
1120 1333 1145 1381 s.
1168 1313 1282 1398 Augeli
1305 1315 1359 1398 „in
1381 1333 1514 1402 reguum

169 1403 276 1471 Bosne
298 1423 412 1490 parare
434 1403 605 1487 profioisor
640 1409 756 1486 monet,
790 1421 881 1487 „eum
911 1407 999 1470 moto
1022 1402 1218 1471 turbationes
1239 1403 1271 1468 in
1294 1401 1465 1486 {longana
1481 1407 1514 1472 et

169 1491 337 1647 Alamauita
359 1491 456 1579 sind,
481 1493 585 1560 videat
608 1495 640 1559 et
661 1491 746 1558 serio
768 1489 955 1571 5555155555,
979 1489 1054 1573 quid
1077 1489 1230 1574 optimum
1244 1489 1330 1558 factu
1353 1491 1404 1576 sit,
1420 1490 1514 1560 illud·

168 1597 233 1664 qos
255 1597 339 1664 aga.

236 1665 335 1734 (irari
357 1667 467 1734 dolore
483 1717 513 1732 ..
538 1666 656 1734 Datum
678 1665 797 1733 Romae
820 1671 879 1732 eto.
902 1665 954 1732 515
977 1690 1057 1764 5555Ι
1071 1663 1149 1733 Μ511
1171 1689 1339 1735 55555555.

167 1839 195 1895 Ρ.
214 1754 281 1879 ἐξ
298 1769 355 1824 reg.
375 1753 443 1824 orig.
462 1769 507 1808 an.
526 1752 580 1821 111,
599 1752 674 1872 bren.
692 1751 752 1808 libr.
771 1751 838 1820 VII,
857 1751 905 1806 fol.
923 1751 964 1806 94.
987 1751 1119 1807 Tbeeuer:
1138 1751 1264 1808 Menum.
1282 1751 1380 1824 Hung.
1394 1757 1460 1810 tom.
1473 1753 1511 1823 11,

518 1962 703 2031 OMLXXV.
731 1960 822 2046 1457,
845 1962 886 2032 22
909 1959 1012 2046 lunii,
1035 1961 1164 2032 Romae.

233 2086 376 2155 Oalixtus
398 2085 460 2154 ΡΡ.
484 2083 540 2154 Ill.
563 2087 679 2156 auditis
701 2085 853 2154 iratribus
884 2083 1057 2152 minoribus
1087 2083 1207 2164 „Britio
1229 2085 1269 2152 de
1291 2085 1454 2154 Pannonio
1476 2089 1511 2152 et

164 2175 331 2242 Demetrio
354 2175 394 2242 do
416 2172 570 2242 Albania“
598 2175 684 2258 regis
713 2173 838 2241 Bosnae
867 2171 982 2256 legatis
1010 2173 1160 2240 hortatur
1184 2171 1377 2240 cardinalem
1401 2193 1427 2240 s.
1450 2171 1512 2239 du·

166 2262 243 2348 geli,
267 2267 304 2330 ut
326 2263 428 2331 eidem
451 2264 521 2344 regi
548 2265 667 2342 ,erucis
689 2260 826 2346 gloriose
848 2261 972 2344 signum
996 2278 1034 2326 55
1056 2257 1204 2326 uexillum
1219 2261 1304 2327 sedis
1319 2259 1509 2346 apostoliam

172 2351 335 2432 uonoedat,
358 2351 597 2434 praedictosque
619 2349 734 2418 fratres
755 2349 894 2416 minores
915 2347 975 2414 sibi
999 2347 1231 2414 commendatos
1257 2348 1382 2416 habeat.

239 2439 364 2506 Venere
386 2439 426 2505 55
448 2457 505 2504 nos
521 2490 527 2504 .
544 2491 576 2505 ..
600 2437 674 2506 Dat.
698 2438 797 2504 Rome
819 2436 902 2522 apud
924 2455 950 2504 s.
974 2436 1105 2502 Petmm
1126 2433 1186 2504 sub
1208 2433 1325 2506 annulo
1347 2435 1514 2522 piseatuu

169 2525 223 2594 die
245 2551 286 2592 xx
308 2525 397 2593 erii
418 2549 586 2594 5555555555.
607 2543 657 2592 an.
688 2551 733 2592 111.

233 2611 279 2667 ux
298 2629 354 2683 reg,
373 2612 440 2684 orig.
459 2628 504 2668 m.
523 2611 577 2680 111,
596 2611 670 2667 oreo.
697 2611 758 2666 uon
787 2609 854 2676 vn,
882 2610 929 2667 nr
949 2610 1007 2666 102.
1029 2607 1165 2666 seeum
1184 2609 1310 2666 monum.
1329 2609 1426 2683 flung.
1445 2613 1512 2668 tom

163 2681 332 2754 Ibe-2⁹⁶·

506 2819 707 2890 OMLXXVI.
734 2819 826 2902 1457,
850 2819 1020 2902 2455511,
1044 2819 1174 2890 Romae

233 2945 373 3014 loannes
395 2943 565 3014 eurdimlis
595 2943 759 3028 Papieusis
788 2943 862 3010 duoi
891 2943 1059 3010 Francisoo
1090 2941 1244 3012 Sfortiae:
1276 2943 1435 3022 „Heremo
1458 2946 1513 3030 qui

164 3031 300 3119 novelle,
324 3033 383 3099 eho
404 3051 503 3100 mons.
534 3031 565 3100 el
588 3032 671 3100 eard.
704 3032 744 3099 de
774 3051 799 3100 s.
832 3031 950 3113 bugeio
972 3033 990 3096 e
1012 3029 1129 3115 partito
1152 3033 1192 3099 55
1219 3030 1311 3098 Β555
1332 3051 1390 3118 per
1412 3033 1513 3102 ander

164 3121 197 3186 in
219 3120 334 3188 Bosna.
358 3119 399 3186 El
421 3123 457 3186 55
480 3122 519 3186 55
540 3119 646 3186 Β5555
667 3119 822 3204 desydera
843 3117 978 3203 pigliare
1001 3117 1033 3184 la
1055 3136 1145 3186 55555
1168 3117 1291 3186 otiare
1314 3123 1399 3188 tutto
1413 3119 1438 3189 il
1454 3139 1512 3189 auo

164 3207 270 3275 slorzo
292 3211 402 3275 eontra
423 3205 448 3273 il
470 3207 620 3274 Turoho.
640 3258 646 3272 .
664 3205 693 3272 .“

227 3293 374 3350 Mutum:
394 3297 461 3349 2555.
479 3311 641 3358 ouorrenrruu
655 3293 769 3361 jymx
788 3293 913 3346 0555555
930 3291 969 3359 11,
990 3292 1049 3347 199.

499 3432 712 3502 OMLXXVII.
739 3431 831 3514 1457,
858 3433 872 3502 l
898 3431 991 3513 lolli,
1016 3430 1172 3502 Venetlls.

227 3553 378 3639 religatur
408 3561 524 3639 orator,
558 3558 673 3625 iturus·
691 3557 732 3626 55
754 3557 866 3624 durem
888 3576 913 3623 s.
939 3553 1039 3622 Sarae
1062 3553 1267 3640 Stephanum,
1291 3553 1327 3622 ut
1350 3553 1440 3622 illum
1463 3571 1512 3624 re-

163 3648 290 3710 moveat
322 3663 341 3710 a
371 3645 532 3728 proposito
563 3643 759 3730 „fabricandi
789 3647 917 3728 pontem
946 3661 1041 3728 super
1069 3639 1198 3709 flumine
1222 3640 1363 3726 Getine“,
1387 3661 1449 3726 quo
1472 3645 1512 3712 de

163 3728 327 3810 fortalitio,
354 3732 456 3814 ,quod
486 3750 583 3814 super
612 3731 773 3798 territorio
804 3749 861 3798 suo
892 3729 1074 3798 Bodobilie“
1108 3747 1208 3814 prope
1239 3729 1360 3798 dietum
1394 3729 1510 3800 flumen

162 3815 350 3900 aedificavit,
376 3817 513 3904 „habeat
535 3817 669 3886 liberum
692 3817 861 3887 transitum
884 3817 915 3883 ln
939 3815 1054 3884 vellem
1077 3815 1215 3884 Politii“.

224 3919 344 3990 Iurabit:
362 3921 471 3977 Listine
488 3921 526 3992 X,
545 3921 603 3978 109.

482 4061 714 4129 OllLXXVIII.
743 4061 834 4145 1457,
859 4059 1017 4132 2455111.
1044 4059 1190 4132 Sutlske.

226 4183 409 4270 Stephanus
431 4183 577 4270 Thomas,
600 4205 654 4254 rex
677 4186 810 4268 Bosnae,
832 4186 984 4254 Jaoobum
1008 4185 1146 4270 Testem,
1170 4189 1328 4253 oratorem
1351 4201 1446 4252 suum
1470 4185 1511 4253 ad

163 4269 323 4339 Colixtum
346 4270 408 4338 ΡΡ.
432 4272 490 4339 111.
515 4277 698 4358 ceterosque
727 4275 885 4358 principos
908 4272 1079 4341 catholicos
1101 4273 1233 4340 missum
1256 4271 1402 4342 omnibus
1428 4291 1510 4340 com·

162 4361 346 4517 mengssm
384 4446 444 4514 sub
467 4452 571 4516 oastm
602 4452 710 4517 nostm
728 4447 829 4532 regali
850 4447 998 4518 Bobouez
1020 4448 1054 4516 in
1080 4447 1196 4533 oppido
1219 4448 1365 4516 Sutisoha
1387 4447 1439 4516 dio
1464 4451 1508 4514 24

161 4535 239 4605 Julii
261 4555 290 4604 5.
314 4535 359 4604 5.·
375 4559 543 4604 5555555555.

224 4639 329 4698 noue:
346 4640 465 4698 Meanor.
483 4639 512 4696 di
530 4639 615 4712 Trou,
634 4657 661 4713 p.
679 4641 739 4697 451.
