3428 5256
1410 224 1472 288 247

186 427 384 500 Undecimus
413 429 575 500 articulus.
604 429 733 516 Dicunt,
765 430 849 514 quod
879 429 1058 514 quicunqne
1087 448 1204 514 corpus
1233 433 1266 497 et
1290 427 1477 514 sangmnem

121 516 241 586 Christi
264 519 325 585 sub
357 525 492 600 utraque
523 518 628 603 speeie
658 537 720 585 non
742 517 906 602 receperit,
932 516 1118 586 eternaliter
1149 519 1349 602 dampnatur,
1378 515 1478 585 etiam

118 604 632 775 ffiarliniffioiigisfflwlus
653 605 714 672 iste
736 605 800 674 iam
830 603 911 675 alias
932 604 1118 673 Constantis
1141 604 1202 674 luit
1226 603 1478 686 condempnatus

182 796 402 864 Duodecimus
423 796 585 864 articmm.
608 795 733 879 Negant
754 813 863 862 omnes
885 795 1100 864 concessores
1123 793 1255 880 papales
1278 795 1361 862 circa
1383 793 1470 862 salu-

119 887 188 950 tem
210 888 245 950 et
267 881 499 951 absolutionem
520 882 672 951 fidelium.
694 881 760 950 Ista
775 882 928 951 uocum
944 881 1129 951 Constantis
1146 881 1207 950 tuit
1224 882 1478 966 condempnatus

118 972 207 1038 inter
238 988 364 1037 errores
400 969 555 1038 lobannis
585 968 720 1048 Wicleff‚
752 971 806 1053 qni
837 969 987 1038 articulus
1018 987 1138 1052 negans
1171 968 1410 1038 confessionalis
1444 975 1478 1036 et

118 1055 354 1144 indulgendas,
379 1076 440 1140 que
459 1057 552 1125 solite
574 1062 648 1124 sunt
671 1057 740 1126 dari
762 1077 783 1125 a
804 1075 934 1126 romano
957 1056 1105 1139 pontifice
1127 1059 1187 1124 etc.

186 1143 323 1213 Tascius
345 1145 487 1212 decimus
510 1142 672 1213 articulus.
696 1145 879 1230 Dampnant
894 1161 1097 1227 quoscunque
1111 1147 1304 1212 venerantes
1318 1139 1477 1226 reliquias

122 1238 319 1300 unctorum.

187 1337 330 1418 Quartus
359 1336 500 1404 decimus
529 1337 690 1406 articulus.
724 1335 887 1404 Deludunt
907 1333 1070 1416 miracula,
1094 1352 1156 1418 que
1178 1334 1258 1400 fiunt
1280 1335 1321 1401 ad
1344 1333 1471 1401 invoca·

120 1425 242 1492 tionem
264 1428 446 1492 sanctorum
467 1427 502 1490 et
523 1423 645 1490 trufant
667 1423 707 1492 de
730 1425 785 1492 eis.
809 1423 971 1492 Articulus
994 1423 1073 1508 (hic)
1097 1421 1237 1488 coutimt
1256 1438 1381 1488 errores
1395 1421 1470 1489 hae-

123 1512 298 1580 reticorum
320 1509 536 1578 Valdeusium.

190 1597 330 1678 Quintus
352 1597 493 1664 decimus
514 1597 677 1667 articulus.
701 1597 875 1666 Prohibent
896 1599 1023 1681 signum
1046 1595 1148 1663 crucis
1174 1593 1252 1663 tisri.

187 1687 306 1753 Sextum
327 1685 468 1752 decimus
490 1684 653 1754 articulus.
670 1683 796 1768 Dicunt,
813 1683 976 1752 christum
997 1703 1059 1752 nen
1074 1701 1146 1752 esse
1161 1681 1317 1750 veraciter
1332 1699 1472 1766 passum,

121 1791 228 1856 neque
258 1791 334 1840 uere
360 1776 528 1838 momunm.
550 1771 712 1841 Articulm
742 1773 814 1860 iste,
845 1773 900 1856 qui
929 1772 990 1840 init
1019 1770 1122 1854 primo
1151 1767 1280 1838 Manich
1311 1773 1479 1837 serumst

123 1859 298 1928 multorum
322 1857 456 1927 ahorum
483 1859 703 1927 hereticorum.

185 1965 338 2032 Decimus
369 1969 499 2032 octavus
528 1963 691 2032 articulus.
722 1963 895 2032 Prohibent
927 1962 1148 2030 venerationes
1180 1961 1320 2044 gloriose
1353 1959 1472 2043 uirgini

118 2051 223 2120 liaris
246 2057 280 2118 et
302 2050 374 2118 aliis
396 2050 513 2120 sanem
542 2051 684 2119 exhiberi
707 2054 857 2134 dieentes,
888 2049 974 2134 quod
995 2048 1082 2117 solus
1104 2049 1193 2118 Dens
1215 2051 1266 2116 est
1289 2047 1471 2116 adorandus

120 2147 153 2206 et
175 2138 340 2292 03Ἐὲῗέ
362 2243 463 2293 nonus
485 2225 647 2293 articulus.
672 2225 845 2293 Prohibent
867 2224 1047 2292 iuramenta
1073 2222 1210 2289 omniuo.

122 2312 370 2467 idolgitctcfisigmus
403 2311 564 2380 articulus.
599 2313 726 2394 Dicunt,
761 2313 846 2396 quod
879 2331 956 2392 usus
989 2310 1172 2394 ymaginum
1203 2308 1236 2374 in
1269 2305 1403 2375 ecclesia
1426 2313 1476 2375 est

190 2503 371 2571 Vicesimus
392 2504 512 2589 primos
534 2504 696 2573 articulus.
726 2503 854 2586 Dicunt,
889 2502 973 2586 quod
995 2498 1131 2586 quilibet
1153 2499 1355 2568 sacerdotum
1379 2498 1475 2568 hahet

125 2597 251 2660 anum
273 2596 462 2674 potestatam
485 2592 544 2676 (in)
567 2591 768 2684 absolvendis
789 2597 825 2658 et
844 2589 1086 2680 ligandissieut
1108 2586 1195 2654 solus
1221 2605 1314 2670 papa.

185 2695 365 2763 Vicesimus
386 2697 542 2763 secundus
571 2696 731 2764 articulus.
764 2695 864 2764 Lenia
897 2713 955 2761 seu
977 2691 1117 2761 nenialia
1139 2690 1308 2759 confitetur
1331 2687 1470 2773 quilibet

120 2783 325 2868 demeum,
347 2784 415 2848 siue
429 2782 472 2850 sit
487 2782 538 2874 uir
552 2783 621 2852 siue
635 2782 760 2864 mulier,
777 2787 900 2852 tantum
915 2780 1063 2848 mortalia
1083 2777 1243 2847 sacerdoti
1257 2783 1469 2844 reservantes.

187 2869 367 2937 Vicesimus
388 2871 502 2936 tertiam
524 2869 683 2938 mucnlus.
707 2870 833 2952 Dicunt,
855 2871 939 2952 quod
967 2885 1114 2936 romanus
1135 2863 1276 2950 pontifex
1298 2867 1348 2932 est
1369 2881 1474 2930 more-

123 2957 189 3025 trix
212 2963 247 3023 et
277 2974 386 3024 omnes
415 2957 477 3024 uiri
507 2957 711 3026 ecclesiastici
743 2961 776 3024 et
805 2955 948 3040 rehgiosi
979 2975 1042 3024 una
1074 2971 1145 3022 cum
1175 2969 1297 3020 summo
1324 2949 1476 3035 pontifice

124 3050 202 3114 sunt
223 3045 416 3111 meretrices.

188 3148 370 3252 Vicesimus
403 3155 535 3232 quates
568 3147 731 3220 articulus.
770 3149 894 3217 Vocant
930 3165 1040 3214 omnes
1077 3143 1228 3214 ecclesias
1266 3141 1477 3227 particulares

123 3239 370 3390 fathtiactefflsimus
392 3323 521 3406 quintus
535 3322 696 3391 articulus.
713 3322 865 3391 Diuinum
880 3320 1017 3390 nitidum
1033 3325 1066 3388 et
1081 3323 1209 3388 cantum
1225 3315 1477 3384 ecclesiasticum

121 3417 243 3497 negant
266 3419 300 3476 et
322 3409 478 3478 derident.

185 3514 367 3582 Vicesimus
396 3518 505 3582 sertus
535 3513 697 3582 merlus.
727 3513 855 3594 Dicunt,
888 3513 971 3594 qnod
1000 3509 1107 3578 nullus
1136 3511 1241 3592 potest
1264 3505 1474 3574 absolveres

119 3609 253 3688 peccato
276 3603 414 3668 existens
436 3601 469 3667 in
490 3601 628 3668 mortali.
650 3603 716 3668 Iste
738 3597 893 3668 articulus
908 3603 957 3666 est
972 3615 1124 3666 erroneus
1146 3601 1179 3662 et
1200 3596 1265 3663 iam
1281 3593 1470 3662 Constantia

119 3693 204 3758 inter
226 3707 353 3756 errores
374 3688 529 3756 Johannis
551 3687 680 3756 Wieleff
697 3689 954 3770 condempnatus.

184 3793 364 3860 Vicesimus
385 3791 538 3877 septimus
569 3791 730 3860 articulus.
753 3791 929 3860 Ecclesiam
951 3805 1114 3858 romanam
1137 3789 1251 3853 vocam
1272 3801 1469 3870 synagogam

121 3881 267 3948 sathane.
291 3880 357 3946 Iste
372 3897 461 3946 error
475 3879 535 3946 fuit
550 3880 760 3946 hereticorum
775 3877 981 3946 Valdensium
996 3881 1029 3943 et
1045 3873 1230 3943 Constantia
1245 3873 1328 3939 inter
1345 3889 1472 3938 errores

121 3969 281 4036 lobannis
303 3963 454 4034 Wioleff.
472 4016 504 4032 ..
528 3967 783 4049 condempnatus

186 4071 368 4138 Vicesimus
390 4075 519 4139 octavus
549 4069 711 4138 articulus.
742 4069 838 4150 Dicit,
861 4069 945 4152 quod
967 4067 1148 4152 quicunque
1170 4065 1370 4132 sacerdotum
1394 4065 1469 4130 actu

121 4179 185 4228 non
208 4161 364 4243 predicat,
388 4158 578 4241 dampnatus
600 4162 649 4225 est
671 4154 866 4224 eternaliter.

188 4263 369 4331 Vicesimus
391 4281 493 4330 nonus
515 4261 676 4330 articulus.
706 4261 843 4329 Beatum
864 4259 1071 4326 Benedictum
1101 4261 1134 4323 et
1156 4253 1237 4323 ahos
1259 4257 1394 4333 sanctos,
1418 4251 1475 4334 qui

121 4350 312 4435 religionem
344 4350 560 4436 instituerunt,
592 4350 766 4432 dampnant
795 4345 988 4414 eternaliter.
1020 4345 1086 4411 Iste
1109 4340 1263 4411 articulus
1285 4342 1478 4422 dampnatus

122 4439 186 4506 fuit
208 4436 396 4504 Constantio
412 4483 420 4500 .
438 4485 470 4502 ..
493 4438 577 4504 inter
599 4453 723 4502 errores
745 4434 898 4502 iohannis
921 4431 1058 4500 Wieleff.

138 4579 140 4582 .
191 4523 388 4592 l'ricesimus
419 4523 582 4592 articulus.
613 4523 783 4607 Baptizant
813 4522 847 4586 in
879 4539 963 4604 aqua
996 4515 1133 4602 simplici
1163 4514 1213 4582 vel
1244 4513 1372 4581 flumine
1394 4511 1478 4578 sicut

3 4677 4 4682 ,
124 4612 284 4697 Christus,
302 4630 409 4696 ymmo
424 4627 499 4696 sepe
513 4610 677 4696 baptizant
692 4627 764 4676 oum
779 4607 989 4693 baptizandus
1004 4625 1065 4673 non
1080 4607 1123 4672 sit
1137 4621 1277 4688 presens,
1292 4601 1350 4668 sed
1365 4617 1477 4667 secure
