3394 5266
555 449 693 518 uuum.
718 450 1021 536 1347,21Μωτ11,
1048 451 1223 524 avenione.

279 573 426 644 Clemens
456 575 517 642 PP.
548 575 602 641 VI.
633 577 789 659 permittit
817 576 970 644 iratribus
992 577 1166 644 minoribus
1187 576 1322 655 Bosnae,
1346 579 1383 640 ut
1404 573 1468 640 duo
1489 572 1562 640 loca

215 679 331 747 ,unum
353 661 503 729 videlicet
517 661 551 727 in
567 661 695 730 civitate
711 681 767 730 seu
782 662 886 739 Pauts
900 662 1069 746 Stagnensi
1084 669 1116 730 et
1131 663 1217 730 aliud
1233 664 1266 728 in
1281 662 1381 728 Disco
1397 661 1561 742 Quinque·

212 747 412 815 ecclesiensis
434 748 587 816 diocesis“
612 749 762 832 recipere,
786 754 820 815 et
841 750 873 814 in
895 749 935 816 iis
957 751 1149 817 monasteria
1170 747 1337 816 aedificare
1357 747 1490 832 possint.

276 833 325 900 Ex
347 835 429 901 dono
451 834 579 902 celestis
596 886 628 902 ..
652 836 724 902 Dat.
749 835 903 903 Avinioue
924 861 978 902 ιιι.
1002 835 1067 904 kal.
1089 835 1218 920 Aprilis,
1242 855 1292 902 au.
1316 859 1348 901 v.

258 954 320 1080 ἐξ
337 970 394 1025 reg.
412 955 480 1026 orig.
499 971 543 1010 an.
561 953 598 1022 V,
617 953 677 1011 libr.
702 953 742 1026 11,
760 971 819 1026 par.
845 957 870 1023 2,
888 955 935 1012 fol.
954 955 1013 1012 19&
1035 955 1167 1012 Thelser:
1183 956 1313 1012 Morum.
1332 955 1431 1025 Hung.
1448 959 1516 1012 tom.
1536 953 1562 1021 I,

211 1043 238 1096 p.
310 1064 316 1078 .

674 1164 781 1234 OLIX.
807 1163 901 1254 1347,
925 1164 944 1234 3
966 1163 1101 1252 Aprilis.

275 1301 366 1370 Anno
388 1328 560 1373 nocemur.
591 1304 642 1372 die
673 1329 711 1370 111
732 1303 861 1390 Aprilis.
893 1303 1080 1390 Exemplum
1106 1302 1372 1388 supplicationum
1394 1299 1563 1386 porrigen-

212 1389 323 1458 darum
347 1389 474 1458 domino
504 1391 591 1474 Pape
619 1391 745 1459 nomine
768 1391 886 1459 domini
916 1393 989 1460 bani
1012 1391 1128 1458 Bosnie
1149 1391 1319 1457 missarum
1340 1388 1484 1457 Amadeo
1506 1406 1564 1455 no

211 1476 294 1543 tario
316 1477 348 1543 in
372 1477 461 1546 curia
482 1495 621 1546 romana

277 1578 440 1664 Significat
461 1581 624 1649 sanctitati
647 1586 754 1649 vestre
782 1580 914 1648 humilis
936 1585 969 1648 et
991 1581 1122 1648 devotus
1144 1579 1228 1647 filius
1250 1583 1357 1646 vester
1379 1577 1564 1661 Stephanus

210 1667 312 1734 banus
333 1666 513 1750 Bosuensis,
538 1670 621 1750 quod
643 1667 811 1751 religiosus
833 1669 881 1734 vir
902 1667 1002 1734 frater
1023 1667 1215 1750 Peregrinus
1242 1667 1282 1732 de
1305 1663 1442 1732 Saxonis
1464 1683 1562 1748 gene

211 1752 289 1820 ralis
323 1753 461 1821 ministri
491 1755 611 1822 ordinis
640 1755 799 1821 minorum
828 1755 860 1820 in
890 1754 995 1821 Bosna
1024 1755 1161 1822 vicarius
1193 1755 1317 1834 devote,
1356 1750 1498 1818 fideliter
1529 1758 1564 1818 et

212 1841 370 1908 instanter
392 1841 425 1906 in
447 1841 553 1908 Busna
574 1861 631 1925 pro
654 1839 717 1908 fide
738 1840 895 1910 catholica
909 1846 943 1907 et
957 1841 1133 1908 animarum
1148 1839 1252 1908 salute
1266 1837 1426 1922 laborans,
1442 1857 1565 1920 paucos

211 1925 308 1994 babet
342 1931 562 2010 cooperatores
602 1928 772 1995 secundum
810 1927 999 2010 exigentiam
1031 1932 1063 1993 et
1095 1927 1331 1992 multitudinem
1364 1924 1564 2005 animarum;

211 2015 444 2096 propterquod
468 2015 628 2100 negotium
651 2013 725 2081 fidei
747 2033 809 2081 non
831 2014 988 2080 modicum
1010 2014 1200 2080 retardatur.
1224 2012 1329 2090 Quare
1351 2029 1423 2078 cum
1439 2012 1565 2092 absque

211 2099 391 2166 sanctitatis
414 2105 519 2166 vestre
541 2102 646 2183 gratia
668 2119 731 2168 non
753 2102 853 2184 possit
874 2101 985 2168 baberi
1006 2102 1127 2180 modus,
1150 2117 1207 2182 per
1229 2116 1322 2180 quem
1346 2097 1452 2164 dictus
1473 2098 1563 2164 vica-

210 2186 278 2252 rius
300 2185 418 2252 habere
441 2185 547 2254 valeat
577 2193 799 2269 cooperatores
827 2187 860 2252 iu
884 2187 958 2254 fidei
980 2186 1123 2253 doctrina
1148 2185 1268 2267 peritos
1290 2193 1323 2252 et
1345 2185 1455 2267 lingue
1478 2183 1566 2251 sola·

209 2271 320 2338 vonioe
342 2291 404 2338 nou
435 2273 564 2357 ignaros
592 2273 644 2340 vel
674 2273 787 2341 saltem
819 2274 859 2340 ad
891 2273 1114 2340 addiscendum
1144 2277 1253 2355 aptos:
1285 2271 1446 2354 supplicet
1471 2270 1563 2337 idem

209 2359 321 2441 banus,
346 2359 428 2440 quod
451 2361 483 2424 in
506 2360 691 2442 obsequium
714 2360 854 2426 eiusdem
876 2359 949 2426 fidei
968 2358 1140 2425 orthodoxe
1162 2362 1196 2425 et
1217 2356 1354 2424 salutem
1370 2357 1564 2436 animarum,

211 2444 266 2527 qui
288 2463 372 2511 nunc
393 2451 467 2512 sunt
488 2447 522 2511 in
544 2448 639 2512 terris
661 2448 735 2529 suis,
759 2445 882 2529 prefato
905 2446 1032 2529 vicario,
1057 2451 1088 2511 et
1103 2444 1157 2527 qui
1172 2463 1229 2528 pro
1244 2449 1388 2528 tempore
1404 2443 1438 2508 in
1454 2441 1565 2510 officio

211 2535 304 2598 erunt
326 2533 458 2599 vocandi
480 2533 671 2600 auctoritate
693 2532 865 2617 apostolica
887 2531 1003 2600 fratros
1024 2531 1074 2600 sui
1096 2538 1129 2597 et
1151 2529 1287 2599 aliorum
1310 2530 1566 2614 approbatorum

209 2617 363 2700 ordinum,
386 2624 419 2684 et
440 2618 614 2701 occupandi
644 2637 698 2686 eos
727 2620 761 2685 in
790 2619 939 2701 obsequio
968 2624 1151 2698 memorato,
1183 2622 1217 2684 et
1239 2618 1271 2683 in
1295 2615 1496 2698 quibuslibet
1521 2617 1566 2684 ad

207 2703 268 2770 boc
290 2704 467 2771 accomodis
489 2705 639 2788 operibus
660 2707 789 2788 pietatis
812 2706 984 2772 concedere
1006 2704 1181 2787 dignemini
1195 2703 1402 2784 facultatem3
1426 2709 1460 2770 et
1475 2703 1565 2785 quod

208 2792 389 2872 superiores
418 2810 475 2858 seu
505 2791 623 2874 prelati
652 2791 801 2866 locorum,
831 2792 975 2858 ordinum
1006 2791 1199 2873 prefatorum
1228 2790 1410 2857 huiusmodi
1440 2789 1565 2858 fratres

207 2877 414 2943 recreationis
435 2875 487 2945 vel
509 2877 702 2946 infirmitatis
725 2897 829 2957 causa,
853 2879 892 2945 de
915 2879 1043 2944 licentia
1066 2878 1205 2944 eiusdem
1227 2878 1338 2946 vicarii
1361 2879 1403 2945 ad
1418 2876 1501 2963 loca,
1521 2879 1565 2944 de

208 2963 323 3046 quibus
338 2982 393 3029 eos
407 2963 514 3031 vocari
530 2966 726 3047 contingeret
737 2965 914 3050 redeuntes,
931 2965 1116 3032 charitative
1128 2965 1283 3048 recipiant
1298 2969 1396 3045 atque
1408 2969 1566 3045 tractent,

209 3055 242 3115 et
256 3049 329 3116 illos
348 3049 502 3118 collocent
512 3051 546 3116 in
561 3051 648 3134 ipsis,
665 3053 811 3134 quotiens
826 3070 883 3133 pro
899 3069 993 3118 causa
1008 3051 1188 3118 huiusmodi
1204 3069 1261 3132 per
1278 3051 1458 3134 predictum
1473 3051 1565 3118 vica-
1687 3053 1690 3074 ¹

208 3137 291 3202 rium
313 3135 432 3202 fuerint
453 3138 609 3219 requisiti,
633 3157 695 3204 non
717 3138 915 3204 obstantibus
937 3138 1099 3220 quibusvis
1122 3137 1297 3220 privilegiis
1320 3155 1377 3203 seu
1393 3135 1567 3220 indulgen-

209 3222 263 3287 tiis
285 3222 418 3305 prefatis
438 3225 604 3300 ordinibus
626 3221 677 3289 vel
700 3223 842 3306 personis
857 3243 965 3290 eorum
980 3243 1036 3290 seu
1051 3223 1162 3290 officiis
1174 3226 1233 3290 sub
1252 3241 1443 3306 quacunque
1458 3222 1569 3292 forma
1687 3249 1690 3340 q

210 3309 378 3375 verborum
410 3311 576 3377 concessis.
608 3311 706 3376 Item:
738 3309 823 3392 quod
844 3311 876 3374 in
900 3309 1033 3394 singulis
1056 3311 1261 3378 conventibus
1283 3309 1410 3393 magnis
1432 3311 1567 3392 provin·
1688 3345 1690 3366 ι

210 3394 330 3460 ciarum
352 3397 527 3462 vicinarum
550 3398 784 3480 praedictorum
807 3396 951 3462 ordinum
974 3395 1115 3478 singulos
1129 3396 1296 3480 neophitos
1318 3396 1352 3460 in
1375 3396 1568 3462 huiusmodi

210 3482 414 3550 conventibus
436 3484 470 3550 in
492 3485 592 3550 latina
615 3483 822 3565 grammatica
844 3489 876 3548 et
897 3483 930 3548 in
953 3483 1096 3549 doctrina
1121 3489 1229 3550 sancte
1260 3501 1391 3548 romane
1427 3482 1569 3549 ecclesie
1688 3493 1690 3568 ξ

210 3575 297 3633 certo
327 3574 470 3652 tempore
499 3571 710 3649 instruendos,
746 3571 872 3650 quando
901 3569 998 3634 fuerit
1020 3587 1158 3655 necesse,
1180 3570 1266 3636 idem
1292 3569 1432 3636 vicarius
1454 3568 1569 3636 valeat
1688 3621 1690 3652 ,

209 3655 398 3720 auctoritate
420 3655 594 3737 apostolica
616 3654 782 3721 collocare.
805 3655 903 3720 Item:
927 3655 1017 3732 Quod
1041 3655 1123 3720 idem
1139 3655 1278 3722 vicarius
1293 3655 1439 3738 predicta
1454 3661 1570 3721 sucto-
1688 3655 1690 3694 ³

208 3740 304 3806 ritate
326 3759 440 3806 vocare
463 3746 497 3806 et
518 3741 662 3822 recipere
684 3760 722 3806 ac
743 3746 852 3806 tenere
874 3741 979 3808 valeat
1000 3743 1180 3808 sacerdotes
1206 3746 1239 3808 et
1261 3741 1395 3808 clericos
1418 3741 1570 3809 saecula·
1688 3771 1690 3784 ⁴

209 3843 270 3906 res,
303 3845 384 3907 quos
416 3827 501 3892 dicto
524 3824 598 3892 fidei
621 3827 748 3907 negotio
770 3831 802 3892 et
825 3827 999 3894 animarum
1025 3825 1121 3894 saluti
1140 3828 1331 3910 iudicaverit
1353 3833 1571 3913 opportunos,

208 3913 264 3993 qui
286 3929 359 3978 cum
380 3911 539 3993 gentibus,
564 3930 627 3976 non
650 3914 794 3980 obstante
817 3915 899 3994 quod
921 3913 985 3980 sint
1007 3914 1328 3980 excommunicatione
1350 3915 1461 3997 ligate,
1478 3933 1570 3981 oom-

209 3997 371 4062 municare
394 3996 533 4074 valeant,
565 3996 647 4062 sicut
677 3997 801 4078 fratres,
834 3999 948 4080 quibus
976 4000 1036 4066 hoc
1066 4001 1098 4065 in
1128 4001 1274 4084 partibus
1300 3999 1481 4070 infidelium
1505 4021 1572 4085 per

209 4081 380 4166 privilegia
403 4083 488 4147 sedis
519 4081 691 4165 apostolice
721 4085 836 4150 dicitur
858 4103 928 4150 esse
957 4104 1146 4165 concessum,
1170 4088 1357 4168 possintque
1379 4087 1573 4154 constitutis

209 4169 328 4234 ibidem
350 4167 533 4233 ministrare
557 4167 768 4244 ecclesiastica
790 4177 993 4255 sacramenta,
1016 4173 1111 4239 stab
1134 4173 1195 4240 hiis
1217 4174 1391 4256 generibus
1414 4183 1570 4256 peccato-

210 4271 282 4318 rum
306 4251 472 4318 absolvere
495 4253 682 4334 penitentes,
706 4273 799 4337 super
821 4257 933 4336 quibus
955 4259 1073 4326 eisdem
1096 4257 1249 4326 fratribus
1271 4259 1304 4324 in
1326 4259 1477 4344 partibus
1492 4261 1572 4327 infi-

211 4338 329 4404 delium
353 4357 372 4402 a
394 4339 470 4402 sede
493 4338 616 4419 prefata
639 4339 818 4405 absolvendi
832 4341 960 4409 licentia
982 4351 1030 4410 est
1052 4364 1209 4419 concessa,
1226 4345 1278 4412 vel
1293 4351 1389 4429 prout
1411 4345 1460 4414 eis
1476 4347 1570 4414 idem

210 4423 349 4488 vicarius
371 4423 459 4488 iuxta
481 4440 590 4488 eorum
619 4425 821 4490 idoneitatem
848 4433 880 4492 et
909 4447 1038 4496 casuum
1067 4432 1300 4498 occurrentium
1332 4433 1570 4502 necessitatem

213 4506 386 4590 apostolica
409 4509 596 4574 auctoritate
629 4511 753 4576 duxerit
779 4514 1041 4582 committendum.
1072 4519 1116 4583 Et
1146 4518 1230 4600 quod
1252 4519 1351 4586 iidem
1375 4523 1574 4590 sacerdotes

213 4597 247 4661 et
269 4591 376 4658 clerici
398 4593 528 4660 eandem
559 4595 600 4660 de
629 4595 822 4679 benignitate
844 4601 927 4668 sedis
955 4603 1127 4686 apostolice
1149 4604 1290 4684 habeant
1312 4606 1571 4692 indulgentiam,
