3394 5266
1414 283 1455 345 55

18 491 20 506 ⁷
112 478 291 546 sacerdotes
314 479 444 547 Rasiard
467 481 511 546 ibi
533 481 728 548 habitabant.
753 482 957 550 Postmodum
980 503 1054 551 vero
1077 485 1145 551 Deo
1168 484 1362 568 disponente,
1385 505 1456 553 curn

18 623 19 628 ,
114 565 263 646 praedicti
289 567 407 633 domini
431 568 661 634 terramillam
685 577 893 652 occupassent
920 572 978 638 sub
1002 577 1088 638 certo
1112 573 1231 638 tributo
1263 573 1367 640 dando
1388 575 1457 658 regi

18 679 19 686 ¹
111 652 204 718 Basia
228 652 278 719 vel
303 655 384 720 bano
407 655 510 722 Bosne
533 655 665 737 singulis
689 657 780 720 annis
803 657 889 723 mille
911 677 1086 740 perperos,
1104 664 1137 724 et
1156 661 1286 740 insuper
1316 659 1458 727 volentes

111 740 263 805 Punctum
286 740 374 807 illam
399 761 586 808 conservare
609 747 641 810 ct
664 747 772 808 tenere
802 749 910 810 contra
936 746 1105 824 potentiam
1130 745 1402 813 schismaticorum
1425 755 1459 814 et

18 835 19 838 ’
111 827 343 894 haereticorum
381 829 524 896 fecerunt
562 835 666 896 castra
699 831 761 894 dno
796 830 983 911 fortissima,
1019 837 1052 896 et
1086 833 1299 913 perduxerunt
1332 853 1461 900 murum

112 933 259 996 magnum
283 934 354 980 cum
377 917 518 982 turribus
541 918 581 983 ab
605 936 667 984 nno
690 921 794 983 castro
825 936 924 999 usque
946 917 1032 984 aliud
1055 938 1112 1001 per
1133 938 1231 985 unum
1253 919 1401 1008 milliare,
1425 921 1458 987 in

111 1002 224 1082 quibus
247 1000 399 1068 aedificiis
422 1009 454 1069 et
477 1001 548 1070 aliis
578 1004 818 1071 necessitatibus
850 1007 1066 1086 expenderunt
1089 1006 1172 1072 circa
1194 1011 1322 1073 centum
1344 1008 1456 1090 viginti

111 1087 209 1154 millia
233 1088 419 1155 ducatorum
451 1093 490 1156 de
519 1109 644 1157 camera
674 1092 841 1174 communi,
873 1101 905 1158 et
935 1092 994 1159 snb
1020 1099 1112 1174 pacto
1133 1093 1260 1158 tenendi
1290 1093 1335 1160 ibi
1360 1093 1457 1160 Calu-

112 1176 236 1258 gbieros
259 1181 292 1242 et
314 1178 495 1244 sacerdotes
517 1179 705 1264 praedictos,
729 1185 834 1245 tamen
857 1183 938 1246 sicut
961 1179 1106 1245 catholici
1130 1179 1271 1247 volentes
1293 1179 1388 1247 fidem
1410 1181 1456 1248 ibi

110 1281 271 1328 romanam
296 1264 518 1343 plantaverunt
548 1271 580 1332 et
610 1271 778 1348 propterea
808 1265 1043 1333 collocaverunt
1072 1267 1189 1333 iratres
1211 1268 1400 1350 praedictos,
1425 1275 1457 1334 et

110 1351 212 1416 locum
234 1352 281 1415 eis
303 1357 555 1431 construxerunt,
580 1355 634 1434 qui
657 1351 782 1434 fratres,
807 1353 866 1418 Dei
889 1353 993 1432 gratia
1015 1359 1176 1434 operante,
1195 1355 1345 1438 populum
1367 1353 1459 1420 illum

112 1443 332 1504 converterunt
354 1444 386 1504 et
415 1439 654 1520 baptizaverunt
685 1444 718 1504 et
739 1457 839 1520 usque
869 1441 961 1506 modo
985 1446 1171 1506 concertant
1194 1441 1356 1508 venientes
1380 1460 1457 1524 quo-

110 1524 185 1589 tidie
221 1524 261 1588 de
293 1526 388 1590 terris
417 1525 689 1592 schismaticorum
720 1529 759 1592 ad
791 1531 909 1594 terram
939 1525 1038 1608 illam,
1070 1532 1102 1594 et
1130 1528 1191 1594 hoc
1222 1546 1301 1610 pure
1324 1533 1455 1611 propter

109 1611 209 1678 Deum
234 1611 351 1677 nullius
374 1612 453 1678 lucri
477 1632 581 1680 causa.

169 1698 305 1764 Videtur
327 1698 373 1766 eis
396 1699 590 1782 praedictam
613 1719 721 1766 curam
743 1699 831 1766 illins
853 1699 960 1783 populi
977 1699 1136 1766 dimittere
1152 1719 1214 1768 non
1229 1701 1347 1767 debere
1368 1701 1458 1768 iuxta

111 1785 271 1851 consilium
295 1786 458 1851 doctorum
481 1787 528 1852 cis
558 1787 676 1862 datum,
702 1790 801 1853 donec
830 1807 887 1868 per
910 1789 1115 1868 apostolicam
1142 1788 1251 1854 sedem
1274 1787 1314 1853 de
1336 1786 1454 1870 populo

109 1871 161 1937 illo
185 1872 273 1938 aliud
296 1871 393 1938 fuerit
416 1873 605 1938 ordinatum.
630 1874 678 1938 Ad
701 1875 784 1941 hanc
806 1880 913 1940 autem
928 1871 1160 1940 conclusionem
1176 1875 1345 1940 tenendam
1360 1875 1453 1942 robo-

18 2007 20 2054 3
110 1968 219 2024 rantur
229 1959 405 2042 privilegiis
417 1959 606 2040 apostolicis,
619 1961 659 2026 de
668 1961 1010 2042 quibusinlraacriptae
1023 1960 1183 2027 clausulae
1192 1965 1266 2026 sunt
1278 1965 1455 2028 extractae:

170 2045 214 2110 Et
236 2045 338 2128 primo
360 2047 392 2111 in
424 2047 606 2129 privilegio¹
639 2047 756 2113 domini
779 2048 913 2113 Joannis
935 2066 1036 2130 papae
1059 2048 1237 2114 continetur
1265 2048 1347 2114 haec
1369 2048 1455 2114 clau·

109 2132 191 2198 sula:
220 2137 273 2209 ,ut
297 2139 403 2198 autem
428 2134 637 2200 ministerium
661 2139 803 2200 nostrum
826 2134 1005 2219 honoretur,
1037 2133 1159 2216 plenius
1182 2140 1214 2199 et
1237 2134 1455 2202 honorabilius

109 2218 283 2301 impleatur,
309 2221 522 2302 praesentium
545 2221 634 2287 vobis
648 2220 836 2288 auctoritate
860 2221 1059 2288 concedimus
1081 2222 1113 2284 in
1129 2221 1235 2304 terris,
1251 2240 1333 2303 quae
1349 2221 1454 2289 adhuc

109 2305 289 2386 magisterio
319 2307 404 2373 sedis
434 2305 624 2390 apostolicae
655 2327 716 2372 non
747 2307 924 2394 intendunt,
955 2326 1131 2390 proponere
1161 2309 1291 2374 verbum
1324 2309 1396 2390 Dei,
1420 2315 1454 2374 et

110 2393 287 2459 constitutis
309 2394 437 2476 ibidem,
462 2413 522 2458 non
546 2395 700 2470 obstante,
730 2395 757 2459 si
780 2393 878 2476 aliqui
901 2399 976 2460 sunt
1005 2393 1325 2460 excommunicatione
1347 2393 1451 2478 ligati,

109 2481 138 2542 in
161 2481 268 2546 serbis
304 2479 416 2562 officio,
441 2487 473 2545 at
496 2481 565 2546 cibo
596 2501 633 2547 ac
662 2481 694 2546 in
725 2481 797 2546 aliis
827 2499 937 2546 secure
964 2483 1203 2563 communicare,
1231 2486 1263 2546 et
1285 2481 1370 2562 ipsos
1394 2501 1453 2548 seu

110 2567 202 2632 etiam
226 2565 307 2632 alios
331 2569 469 2635 conuerti
494 2569 535 2633 ad
558 2568 711 2635 unitatem
726 2567 899 2633 christiane
914 2567 987 2632 fidei
1003 2569 1166 2647 cupientes
1181 2568 1331 2650 recipere,
1349 2569 1452 2651 bapti·

18 2707 20 2736 ;
111 2672 180 2719 zare
203 2659 235 2718 et
258 2671 435 2736 aggregare
458 2653 532 2719 filiis
555 2661 663 2720 sancte
687 2653 819 2722 ecclesie
842 2655 953 2738 positis
973 2659 1052 2720 etc.“
1078 2654 1120 2718 Et
1143 2655 1244 2720 infra:

177 2741 238 2816 „Et
261 2743 302 2806 ad
326 2740 385 2806 hec
407 2745 449 2806 sit
472 2741 560 2807 vobis
586 2741 767 2808 absolvendi
791 2747 932 2822 potestas
954 2741 1111 2808 occisores
1134 2740 1319 2808 clericorum
1334 2745 1368 2808 et
1384 2740 1458 2807 reli-

18 2825 19 2894 Ῐ
111 2827 268 2910 glosatum
291 2846 497 2911 personarum
528 2829 561 2892 in
592 2828 658 2892 illis
682 2829 824 2910 partibus
855 2828 1117 2908 constitutarum
1141 2827 1291 2895 fundandi
1314 2828 1354 2894 de
1376 2847 1458 2895 novo

18 2965 20 2976 ,
111 2914 257 2982 ecclesias
281 2923 314 2979 et
337 2913 559 2982 reconciliandi
582 2913 663 2994 illas,
688 2933 750 2997 qne
773 2919 846 2980 sunt
869 2933 943 2981 casu
960 2913 1066 2996 aliquo
1081 2914 1256 2997 profanato,
1272 2919 1305 2980 et
1320 2915 1361 2981 ds
1376 2933 1457 2981 novo

18 3005 19 3008 ’
111 3001 247 3068 fundatis
270 3003 311 3067 de
335 3001 510 3067 rectoribus
533 3001 655 3068 idoneis
677 3001 891 3084 providendi.“

171 3089 214 3153 Et
236 3089 353 3154 iterum
377 3089 410 3152 in
440 3087 671 3155 declaratione⁹
700 3089 784 3154 facta
816 3107 872 3170 per
902 3087 1062 3154 dominum
1094 3087 1281 3169 Gregorium
1312 3087 1374 3154 ΡΡ.
1397 3089 1455 3156 Xl.

18 3169 20 3244 ξ
110 3193 202 3258 super
227 3181 266 3240 23
292 3175 389 3240 dubia
410 3177 574 3258 tangentia
597 3194 693 3257 opera
715 3175 787 3240 lidei
811 3175 842 3239 in
867 3175 951 3240 dicta
967 3175 1084 3242 vicaria
1098 3175 1201 3240 Boane
1216 3175 1374 3242 habentur
1391 3175 1457 3242 due

112 3261 249 3328 clausule
272 3263 334 3328 iste
356 3262 538 3343 responsiva
561 3263 602 3328 ad
625 3263 688 3326 tria
711 3263 807 3328 dubia
830 3267 860 3341 8,
885 3267 903 3326 9
927 3267 960 3325 et
987 3267 1032 3325 10.

171 3350 214 3414 Et
236 3349 353 3414 iterum
377 3351 418 3415 ad
442 3358 461 3417 8
485 3349 665 3429 articulum,
689 3351 720 3414 in
744 3369 806 3432 quo
830 3348 974 3430 queritur
996 3353 1054 3414 etc.
1071 3347 1315 3431 respondemus:
1344 3347 1454 3426 „Quod

18 3419 20 3506 ῗ
109 3454 175 3502 cum
198 3436 304 3502 Bosna
327 3455 399 3501 cnm
421 3437 486 3501 suis
509 3437 603 3501 metis
626 3441 658 3501 et
680 3436 824 3500 terminis
847 3454 904 3500 seu
926 3435 1107 3500 circuitibus
1123 3432 1285 3515 inclusive,
1309 3434 1364 3501 ubi
1387 3433 1456 3500 infi-

110 3521 193 3588 deles
216 3528 249 3588 et
271 3523 463 3590 schismatici
487 3523 640 3600 habitant,
664 3523 707 3588 sit
736 3522 871 3590 fratrum
902 3522 1102 3587 commissum
1125 3521 1275 3604 regimen,
1300 3521 1452 3588 dicimus:

18 3637 19 3692 3
110 3610 206 3676 dictos
238 3609 353 3676 iratres
383 3609 470 3674 licite
501 3629 594 3692 posse
625 3609 772 3694 supplere
804 3607 961 3674 delectum
991 3607 1189 3674 sacerdotum
1218 3609 1396 3674 absentium
1419 3609 1453 3673 in

18 3717 20 3780 ᾗ
109 3696 379 3762 administratione
402 3703 670 3763 sacramentorum
694 3698 811 3762 virtute
828 3695 997 3777 privilegii,
1014 3714 1075 3758 non
1092 3694 1247 3775 obstante,
1271 3696 1356 3778 quod
1371 3695 1455 3761 dicte

111 3783 208 3866 patrie
236 3784 295 3850 sub
325 3784 539 3849 dominatione
567 3784 810 3850 christianorum
842 3784 988 3861 existant,
1019 3781 1154 3846 maxime
1190 3799 1261 3846 cum
1290 3783 1324 3846 in
1358 3781 1453 3848 dictis

18 3917 21 3946 f

18 3877 20 3904 l
110 3871 200 3935 metis
222 3889 277 3936 seu
300 3870 445 3935 terminis
468 3871 510 3934 sit
540 3870 680 3936 defectus
710 3870 918 3944 sacerdotum,
950 3888 1006 3935 nec
1028 3873 1103 3934 sunt
1126 3867 1273 3948 parochie
1295 3868 1453 3954 ordinate,

111 3963 201 4039 prout
225 3976 354 4038 presens
377 3956 530 4023 articulus
553 3959 789 4041 presupponit“.
814 3958 856 4020 Et

170 4043 213 4108 Et
235 4045 351 4108 iterum
375 4045 415 4110 ad
440 4049 457 4109 9
481 4045 658 4122 articulum,
680 4045 711 4108 in
736 4063 797 4126 quo
821 4043 965 4124 queritur
987 4047 1045 4108 etc.
1071 4041 1314 4124 respondemus:
1346 4041 1455 4120 ,Quod

18 4099 20 4214 i
111 4129 188 4194 nicut
211 4131 410 4196 commissum
443 4137 493 4196 est
522 4131 674 4197 iratribus
704 4137 736 4197 et
766 4149 948 4196 concessum
978 4149 1035 4211 per
1057 4129 1218 4196 dominum
1244 4147 1358 4212 papam
1382 4127 1453 4192 infi-

18 4215 20 4232 '
146 4217 192 4283 les
216 4223 246 4282 et
269 4218 487 4284 schismaticos
509 4219 623 4284 unitati
653 4223 760 4285 sancte
781 4217 913 4283 ecclesie
936 4235 1119 4299 aggregare,
1144 4217 1189 4282 ita
1212 4219 1308 4282 etiam
1331 4216 1364 4280 in
1387 4215 1450 4281 lide

150 4305 227 4372 trire
249 4311 281 4370 et
304 4323 491 4371 conservare
513 4324 570 4387 per
597 4305 809 4372 ecclesiastica
831 4309 1040 4384 sacramenta,
1068 4306 1166 4370 donec
1188 4302 1265 4386 ipsis
1289 4303 1449 4368 conseram

172 4473 178 4503 ¹
195 4469 277 4524 Bulla
295 4470 413 4524 Joannis
431 4469 486 4524 ΡΡ.
505 4470 602 4524 XXII.
622 4470 693 4524 Cum
710 4470 778 4524 hora
797 4467 950 4523 undecima.
969 4469 1033 4522 Dat.
1058 4468 1200 4522 Avenione
1220 4467 1249 4520 X
1268 4464 1378 4522 lralend.
1396 4463 1454 4520 No·

150 4538 565 4678 nbrvffiujimzpaqaytbimr:
585 4610 709 4663 Menum.
723 4609 828 4663 Slavor.
842 4607 1012 4662 meridional.
1032 4607 1096 4662 Vol.
1115 4606 1153 4661 II.
1172 4605 1268 4674 (edidit
1286 4605 1336 4660 Dr.
1353 4604 1454 4661 Franc.

154 4678 202 4747 tki,
220 4681 269 4750 qui
288 4687 316 4735 et
332 4678 523 4735 admonente
540 4679 660 4748 adiecit),
679 4697 706 4750 p.
725 4681 783 4734 327.
