3428 5256
231 287 292 350 174

294 495 376 566 item
399 494 549 566 Nicolans
570 497 718 566 sacerdos
741 496 887 568 citarista
908 499 1000 566 beate
1022 496 1154 582 virginis
1176 495 1382 566 nomimiliter
1406 493 1582 562 11111111-

229 584 391 669 ginantem
414 604 522 652 ensem
545 593 655 653 contm
673 586 822 670 judicem.

294 672 375 740 Item
397 671 553 758 Georgius
575 675 723 740 sacerdos
745 674 785 740 de
807 672 971 741 Kamanch
993 671 1141 740 similiter
1162 671 1251 739 vidit.
1528 755 1536 770 ι

252 847 260 861 .
295 760 375 862 Item
411 761 573 828 lohannes
609 760 730 846 pariter
766 763 912 829 sacerdos
948 761 1037 847 uidit,
1075 759 1221 828 citarista
1254 763 1362 826 sancte
1396 755 1583 824 Kathenns

193 909 196 914 .
230 865 370 930 vrrgrnrs.
1440 895 1442 900 .

296 935 339 1002 111
359 953 418 1018 ego
441 934 579 1001 Mathias
603 934 732 1019 Georgii
765 935 804 1001 de
826 934 1012 1002 Debrechen
1033 935 1177 1002 notarius
1199 931 1385 1017 imperialis,
1410 929 1585 1030 adomnia

230 1023 446 1105 suprascripta
467 1021 597 1088 interfui
620 1028 652 1089 et
676 1021 781 1089 audiui
805 1027 837 1088 et
858 1041 954 1088 manu
976 1039 1047 1089 mea
1068 1021 1196 1106 propria
1222 1020 1336 1102 scripsi
1359 1023 1394 1086 11
1415 1015 1584 1102 publicam

231 1115 265 1175 et
286 1109 411 1192 signum
432 1127 540 1174 meum
562 1109 694 1193 apposui
717 1113 912 1177 consuetum.

296 1197 333 1262 ln
355 1196 465 1264 dorso:
488 1196 642 1263 Executio
663 1202 775 1264 contra
797 1196 1003 1264 Valentinum
1026 1193 1397 1279 Vngarum'hereticum.

283 1299 327 1354 Ex
346 1299 497 1372 exemplari
517 1298 673 1372 synchrono
696 1299 726 1354 in
742 1299 860 1356 tabulsr.
889 1303 1014 1356 convent.
1032 1297 1108 1354 fratr.
1127 1297 1224 1353 minor.
1242 1295 1317 1352 della
1334 1293 1418 1350 Nova
1436 1289 1586 1365 Neapolit.

460 1439 731 1508 DGOLXXXVII.
757 1439 851 1522 1411,
874 1457 985 1510 manse
1007 1439 1166 1526 Augusta,
1189 1435 1348 1508 Balarus.

297 1563 425 1646 Turtlro,
449 1581 504 1630 rex
527 1563 659 1644 Boenae,
682 1568 828 1647 testatur,
851 1562 965 1646 luanil,
987 1561 1086 1629 filium
1102 1561 1248 1631 deosav
1263 1558 1423 1642 Paslovid,
1445 1555 1588 1642 petitum

233 1651 446 1718 iuramentum
467 1650 665 1735 praestitisse
688 1650 920 1735 ngusinorum
947 1650 1072 1734 legatis.

296 1754 346 1809 Dr.
364 1756 413 1808 Fr.
431 1753 570 1809 mellanc:
589 1751 715 1810 Menum.
734 1753 848 1823 scabies,
866 1773 894 1826 p.
912 1754 972 1810 402.

433 1911 723 1981 DOOLXXXVIII.
756 1911 849 1995 1431,
875 1911 890 1982 1
916 1909 1126 2000 Septembris,
1149 1907 1379 1998 lhydcurew.

238 2035 408 2102 Consilium
429 2037 547 2121 reqium
569 2037 752 2102 seutentiam
773 2057 799 2104 a.
821 2034 935 2102 Jacobi
957 2036 996 2100 dc
1017 2033 1174 2118 Murchia,
1202 2032 1404 2116 inquisitoris
1426 2027 1588 2095 tamicae

232 2123 412 2208 pravitatis,
442 2125 477 2186 in
506 2121 714 2205 Valentinum,
744 2131 908 2208 sartorem,
939 2122 1075 2190 incolam
1104 2121 1356 2202 kummmensern,
1388 2119 1494 2183 mlum
1517 2135 1590 2180 aom-

235 2211 354 2294 firmat,
377 2214 406 2274 et
426 2209 543 2276 inbibat
572 2211 703 2292 nequis
733 2231 801 2276 eam
831 2210 867 2276 ob
900 2229 1031 2277 causam
1053 2231 1078 2275 a.
1102 2207 1257 2275 Jacobum
1279 2207 1326 2274 cal
1350 2207 1418 2272 cias
1437 2204 1589 2288 fautores

633 2298 844 2383 quoquomodo
867 2299 1028 2363 molestare
1050 2297 1175 2364 audeat.

301 2417 368 2485 Nos
397 2417 589 2486 Laurentius
620 2419 659 2484 de
689 2419 905 2486 Hedrehwara
934 2419 1025 2503 regni
1052 2417 1216 2502 Hungarie
1238 2415 1402 2502 palatinus
1430 2418 1466 2481 at
1489 2413 1589 2480 index

238 2503 461 2591 Cumanorum,
484 2505 599 2572 Petrus
621 2505 707 2573 Gbeb
723 2507 763 2574 de
779 2506 873 2587 Leve,
888 2505 968 2573 alias
983 2507 1141 2590 uaywoda
1163 2503 1390 2572 transilvanen.
1409 2499 1589 2600 Ladislaus

237 2591 276 2658 de
300 2593 394 2675 Gara,
415 2593 516 2659 banus
537 2593 749 2674 machouien,
772 2593 905 2660 Mathho
927 2593 968 2660 de
990 2591 1199 2678 Thallouacz,
1215 2609 1388 2675 regnorum
1405 2587 1589 2668 helmana,

237 2678 367 2748 Croacie
389 2684 422 2745 et
452 2680 554 2746 tuclus
584 2677 747 2747 sclavanie
776 2681 887 2766 banus,
916 2699 1020 2747 comes
1050 2679 1229 2762 Stephanus
1259 2679 1298 2746 de
1329 2677 1464 2754 Bethor,
1489 2675 1590 2776 iudex

237 2767 324 2832 curie
352 2767 440 2849 regie
471 2765 655 2847 maiestatis,
688 2766 867 2850 Stephanus
896 2767 937 2834 de
966 2767 1105 2850 Bergan,
1135 2766 1216 2833 alias
1248 2784 1353 2832 comes
1384 2765 1589 2848 themesren,

237 2852 399 2919 lohannes
421 2855 462 2920 de
483 2853 621 2937 Korogb,
653 2853 791 2921 Michacl
820 2854 921 2921 Jalrch
951 2855 992 2920 de
1023 2852 1140 2938 Kusal,
1163 2853 1244 2920 alias
1260 2871 1368 2920 comes
1392 2849 1588 2926 Siculorum,

237 2939 402 3007 Ladislaus
433 2937 517 3006 filius
547 2942 679 3007 condam
708 2941 861 3008 Johannis
890 2943 1047 3024 waywode
1076 2941 1115 3007 de
1139 2940 1302 3006 Thamasii
1330 2955 1521 3021 agasonum,
1548 2954 1589 3004 ac

238 3026 319 3093 alter
330 3026 496 3093 Ladislaus
510 3027 549 3094 de
563 3027 685 3109 Palacz,
696 3028 864 3095 ianitorum
876 3029 960 3094 dicte
969 3028 1057 3112 regie
1070 3027 1247 3094 maiestatis
1258 3027 1421 3110 magister,
1437 3023 1590 3091 Andreas

237 3114 371 3180 Bothius
391 3113 431 3179 de
460 3113 601 3197 Haraplr,
631 3115 794 3182 Emericus
821 3120 853 3181 et
882 3115 1042 3182 lohannes
1071 3113 1222 3182 Marazali
1252 3115 1385 3180 comites
1408 3112 1585 3196 symigien.

238 3199 445 3282 nonnullique
467 3200 521 3266 alii
544 3219 689 3282 proceres
710 3203 787 3268 dicti
808 3202 899 3285 regni
922 3201 1084 3285 Hungarie
1098 3202 1132 3268 in
1147 3199 1278 3268 consilio
1293 3199 1476 3285 prescripta
1493 3199 1588 3281 regis

237 3288 412 3354 maiestatis
435 3287 613 3370 existentes,
643 3289 798 3355 uniuersis
828 3296 861 3355 et
883 3288 1016 3372 singulis
1038 3307 1172 3371 qnorum
1194 3289 1329 3356 interest
1352 3286 1404 3355 uel
1425 3287 1591 3353 interesse

237 3375 354 3458 poterit
375 3375 408 3438 in
430 3373 571 3440 loturum
593 3377 788 3458 presencium
810 3382 920 3442 tenore
934 3375 1164 3458 significamus:
1188 3377 1274 3458 quod
1289 3393 1363 3442 cum
1378 3375 1445 3443 iam
1460 3373 1591 3440 dudum

239 3460 366 3527 assidue
388 3461 493 3526 studio
515 3460 625 3528 multis
655 3461 773 3545 vigiliis
803 3468 835 3529 et
856 3462 1017 3530 laboribus
1038 3462 1207 3545 religiosus
1236 3463 1286 3528 vir
1307 3461 1409 3528 frater
1432 3459 1590 3542 lacobus,

239 3547 358 3612 ordinis
380 3546 513 3614 fratrum
536 3549 691 3614 minorum
713 3549 746 3614 in
768 3550 874 3632 reguis
906 3549 1077 3634 Hungarie,
1101 3548 1274 3630 Dalmacia‚
1298 3548 1441 3629 Groacie,
1465 3547 1590 3632 Bonna

241 3631 404 3699 Sclavenie
428 3651 464 3699 aa
486 3635 616 3700 Austris
637 3635 805 3716 inquisitor
832 3637 970 3704 heretice
1000 3637 1166 3721 pravitatis
1188 3654 1246 3721 per
1266 3635 1509 3706 sanctissimum
1534 3637 1592 3702 do-

239 3720 359 3786 minum
391 3724 535 3786 nostrum
568 3722 746 3803 Eugenium
779 3741 894 3807 papam
926 3729 1074 3806 quartum
1111 3725 1282 3807 deputatus
1315 3742 1354 3791 sc
1388 3723 1593 3790 constitutus

239 3805 339 3872 multe
361 3807 443 3872 bona
465 3813 612 3890 operatus
633 3808 675 3874 sit
697 3809 730 3875 in
752 3811 892 3893 predicto
914 3829 1012 3894 regno
1027 3810 1190 3894 Hungarie
1205 3811 1238 3877 in
1254 3811 1475 3894 predicatione
1498 3810 1593 3878 verbi

240 3893 300 3959 Dei
322 3897 355 3958 ct
376 3895 584 3976 extirpatione
615 3895 778 3962 cuiusdam
808 3897 945 3964 heretice
976 3898 1142 3980 prauitatis
1165 3897 1355 3965 Humtarum
1385 3898 1595 3981 aliorumque

150 4009 152 4013 ·
241 3998 384 4045 errorum
406 3985 439 4046 et
461 3981 634 4060 criminum,
659 4001 719 4064 que
740 4001 797 4065 per
819 3985 970 4065 quosdam
992 3984 1074 4052 filios
1095 3985 1272 4068 iniquitatis
1295 3985 1451 4051 seminari
1476 3989 1512 4051 et
1525 4003 1594 4052 ser·

241 4083 316 4148 pere
338 4071 487 4148 ceperant
508 4067 540 4131 in
562 4067 646 4134 dicto
668 4087 764 4150 regno
785 4069 957 4154 Hungarie,
980 4071 1063 4139 inter
1082 4071 1163 4138 alios
1185 4071 1354 4155 quemdam
1376 4070 1596 4138 Valentinum

242 4158 405 4230 sartorem,
429 4171 487 4236 pro
509 4159 584 4219 tunc
605 4154 847 4222 inhabitatorem
875 4157 982 4242 oppidi
1011 4159 1179 4241 Kamancz,
1202 4159 1378 4226 multorum
1400 4159 1596 4226 testimonio

242 4245 275 4304 et
297 4239 459 4305 evidencia
488 4238 642 4305 fautorem
673 4241 885 4310 hereticorum
916 4245 1050 4312 convicit
1079 4251 1112 4312 et
1143 4247 1397 4329 condempnavit,
1423 4252 1459 4312 et
1483 4248 1595 4330 ipsum

241 4325 337 4390 rebus
359 4325 491 4392 terranis
522 4327 677 4410 priuauit3
710 4335 876 4414 propterea
905 4331 979 4414 quia
1008 4350 1078 4398 cum
1101 4333 1273 4420 lohannes,
1304 4333 1401 4400 iudex
1432 4333 1595 4402 dedicta

242 4412 357 4493 oppido
381 4412 550 4500 Kamanca,
573 4412 715 4481 officialis
738 4423 770 4482 11
791 4427 954 4484 exsecutor
982 4437 1070 4486 sacre
1092 4421 1215 4488 iusticie
1238 4423 1394 4488 adversus
1417 4429 1452 4487 et
1476 4431 1594 4489 contra

243 4503 309 4562 tres
331 4497 486 4564 hereticos
508 4498 650 4584 relapsos
672 4506 705 4566 et
726 4505 882 4570 conuictos
897 4506 1162 4589 perpraedictum
1177 4508 1412 4590 inquisitorem,
1430 4527 1494 4592 pro
1514 4515 1593 4577 tuuc

243 4585 283 4649 ad
307 4583 395 4665 palos
417 4583 544 4668 ligatos,
564 4593 673 4654 contra
696 4607 788 4671 quem
809 4591 967 4675 predictus
989 4592 1177 4662 Valentinus
1200 4596 1371 4680 evaginate
1387 4595 1503 4680 gladio
1520 4615 1594 4666 aum

245 4667 403 4752 aliquibus
424 4671 579 4755 prefatum
601 4674 735 4744 iudicem
765 4682 813 4744 est
839 4684 1020 4762 persecutus
1049 4699 1106 4765 per
1135 4682 1228 4752 deria
1259 4688 1446 4767 quoquest
1471 4703 1513 4754 ex
1536 4685 1592 4752 illo
