3428 5256
225 260 289 324 ann

291 456 363 536 Tali
392 465 492 552 igitur
518 467 613 536 modo
638 467 875 538 somniarimam
903 487 1010 554 regem
1039 467 1221 553 drogonum
1250 485 1308 552 per
1337 484 1427 534 mare
1457 463 1571 533 deuer-
1710 509 1711 512 ,

226 558 323 625 tando
346 559 386 634 et
400 556 505 640 ipsum
533 555 690 624 loannem
722 575 780 640 per
801 562 930 639 1555555,
952 555 1045 624 firma
1066 575 1139 642 spes
1160 575 1231 624 esse
1251 560 1361 640 posset
1378 559 1416 622 et
1436 569 1572 637 reeupe-

94 679 98 684 ·
227 643 319 714 randi
340 643 505 727 deperdita
532 648 565 710 51
586 644 770 726 acquirendi
797 644 970 711 dominium
992 643 1133 712 debitum
1155 643 1351 728 principibus
1374 641 1571 719 christianis,

227 751 286 800 neo
306 749 368 798 non
390 735 425 796 et
446 729 627 815 pomideudi
657 731 786 799 diuitias
807 729 980 798 infidelium
1006 749 1076 799 cum
1098 729 1205 815 ampla
1226 729 1415 797 dilatatione
1433 733 1572 796 5555155

225 817 401 887 catholicae
434 817 509 884 1151
541 818 733 885 orthodoxae
764 817 807 886 ad
838 824 1000 886 aeternam
1031 817 1164 900 gloriam
1195 821 1228 884 et
1256 813 1471 884 immortalem
1493 819 1573 882 tuae

225 904 407 973 amentatis
428 906 564 973 nominis
585 905 712 973 landem
733 910 768 972 51
788 907 972 974 memoriam
993 905 1228 989 sempiternam.
1251 903 1319 972 Tua
1334 901 1572 988 1311555551-

224 1003 287 1075 tas,
309 991 492 1060 1551155155
514 996 614 1076 pater,
637 991 714 1076 quid
733 993 767 1059 in
788 993 838 1060 his
858 994 1017 1076 agendum
1038 993 1089 1072 sit
1112 993 1270 1072 decernat
1292 1009 1389 1074 quam
1404 991 1574 1056 55555551

225 1079 399 1149 altissimae
422 1077 575 1147 5551555155
596 1098 673 1147 snae
696 1085 833 1160 5555155,
865 1086 899 1146 51
918 1078 1037 1164 populo
1060 1080 1232 1147 5151511555
1254 1097 1312 1163 per
1334 1083 1480 1161 tempora
1501 1075 1574 1142 lon-

225 1167 398 1250 51555551
419 1185 472 1234 555
494 1171 528 1232 51
549 1167 692 1234 ordinem
720 1171 863 1234 nostrum
892 1185 929 1234 su
952 1165 1023 1250 plen
1054 1166 1248 1234 commendo.
1271 1163 1430 1246 Jaranni,
1452 1163 1575 1248 oppido

225 1254 410 1338 Hungariae
431 1253 533 1340 regni,
558 1258 597 1320 21
620 1253 708 1320 Junii
734 1258 826 1320 1455.
849 1253 899 1320 Ex
984 1273 1003 1321 5
1022 1253 1202 1321 5555111515
1223 1257 1298 1320 1555
1320 1251 1514 1320 vermiculus
1534 1266 1575 1316 55

225 1342 375 1426 indignus
396 1340 542 1409 seruulus
563 1339 639 1408 lieet
660 1338 863 1410 fidelissimus
880 1346 1004 1410 orator:
1026 1341 1079 1409 Fr.
1101 1342 1242 1408 Joannor
1263 1339 1303 1406 de
1326 1339 1528 1424 Gapistrano

288 1444 334 1501 Ex
351 1443 615 1502 115555555511155.
633 1460 750 1516 operum
767 1459 790 1501 a.
807 1443 926 1501 Joannis
944 1461 961 1500 a
980 1443 1147 1516 Oapiatrano
1173 1448 1240 1501 155.
1259 1441 1296 1512 V,
1315 1441 1372 1498 551
1389 1441 1446 1510 ΙΠ,
1466 1440 1576 1514 pulit

588 1620 731 1689 Ollblv.
757 1619 849 1704 1415,
875 1619 1204 1708 turinianum.

225 1744 258 1812 8.
282 1743 425 1809 Joonoca
448 1763 467 1808 a
494 1741 683 1828 Copiatrcno
716 1743 840 1809 Oaiicto
869 1741 934 1808 III
958 1741 1068 1809 scribit
1099 1739 1137 1808 da
1159 1745 1264 1808 animo
1287 1741 1410 1826 1555511
1431 1737 1576 1804 Roscius

226 1830 384 1898 catholicis
406 1829 540 1914 infenso,
572 1831 610 1896 de
636 1830 704 1898 ciue
734 1837 822 1914 napta
851 1851 936 1898 mora
965 1829 1114 1896 catholico
1136 1829 1300 1915 baptizato
1322 1836 1351 1895 51
1374 1827 1577 1910 confirmatu,

226 1920 265 1985 dc
282 1919 449 2004 privilaqio
472 1939 493 1982 o
515 1915 647 1982 Nacotoo
676 1913 712 1983 V.
736 1918 836 1984 cidem
865 1917 990 2000 despota
1013 1937 1175 2004 coaoaseo;
1221 1915 1312 1984 uibus
1333 1914 1577 1982 5151115νά55-

226 2006 303 2072 5155
332 2025 441 2072 aarum
472 2003 676 2090 iniuriamne,
707 2001 1159 2158 qussosffffiaissofflom
1237 2002 1401 2086 5555511555
1434 2003 1470 2069 in
1505 2001 1578 2068 dics

292 2211 482 2280 Beatissimo
509 2216 611 2296 pater,
642 2211 683 2279 ad
712 2231 873 2280 sacrorum
903 2215 1021 2297 padum
1053 2210 1216 2281 humiliter
1239 2211 1412 2280 osculanda
1435 2209 1578 2294 voetigia

226 2301 326 2368 55515.
348 2299 419 2367 Non
441 2299 523 2367 55115
543 2317 646 2381 aequo
668 2299 772 2366 animo
787 2299 878 2368 Ι15555
899 2319 1038 2386 possum,
1059 2300 1242 2368 beatissime
1257 2304 1359 2382 pater,
1376 2298 1578 2366 discidentes

226 2394 322 2469 atque
343 2385 553 2488 dilaoerantes
575 2385 716 2486 tunicam
738 2387 1099 2490 inconsutilem'domini
1121 2387 1222 2454 nostri
1243 2387 1323 2454 iesu
1346 2385 1479 2488 0151511,
1502 2403 1577 2486 555-

226 2469 1594 2661 11111111111111111111111111511·

227 2647 375 2731 bandum,
397 2667 470 2715 nam
492 2665 563 2714 cum
584 2649 736 2732 proximis
758 2649 869 2716 diebus
883 2647 1056 2716 collocutus
1071 2667 1173 2714 essem
1188 2665 1260 2714 cum
1274 2647 1331 2715 155
1423 2646 1576 2730 11555555,

228 2735 282 2819 qui
304 2735 357 2801 hio
378 2754 398 2802 a
418 2734 554 2802 dominis
576 2743 609 2802 51
630 2735 802 2804 baronibus
823 2736 917 2802 buius
938 2736 1027 2819 regni
1053 2734 1278 2820 Hungariaea
1322 2735 1412 2801 ''unr
1435 2751 1495 2817 pro
1519 2737 1576 2798 tu·

228 2822 334 2892 155115
356 2821 502 2889 dominiis
530 2821 597 2890 suis
627 2826 659 2888 at
687 2823 911 2905 recuperandis
941 2822 1115 2908 deperditis
1144 2821 1334 2906 5551515151,
1364 2821 1473 2888 inveni
1496 2837 1577 2888 eum

227 2909 308 2976 5155
329 2907 414 2975 male
434 2908 621 2976 sentientem
651 2909 691 2976 de
722 2907 783 2976 lide
812 2908 975 2994 catholica,
1005 2914 1038 2976 et
1066 2911 1100 2976 in
1130 2909 1292 2976 erroribus
1321 2907 1390 2976 5515
1411 2907 1579 2991 pertinaci

228 2995 345 3062 duritia
374 3001 640 3079 perseverantem,
672 2997 755 3077 qnod
779 2995 813 3062 in
839 2996 983 3064 omnibus
1008 2997 1100 3063 nobis
1128 2993 1327 3064 Christicolis
1356 2995 1496 3062 maxime
1522 2999 1579 3062 est

229 3081 408 3163 dolendum,
437 3082 596 3166 salutique
610 3121 612 3126 ·
625 3082 726 3165 ipsius
758 3082 996 3168 condolendum,
1027 3089 1123 3166 atque
1145 3081 1219 3150 fidoi
1242 3087 1371 3150 5551555
1393 3082 1580 3166 impensius

229 3171 428 3236 studendum.
460 3169 646 3238 Consideret
673 3169 773 3252 igitur
800 3171 950 3238 sanctitas
979 3176 1085 3238 vestra
1115 3171 1148 3236 in
1178 3171 1392 3252 sequentibus.
1413 3168 1578 3252 articulis,

228 3258 332 3340 qualis
353 3257 396 3324 sit
418 3262 452 3324 et
474 3275 569 3338 quam
590 3257 670 3323 bena
691 3257 731 3323 de
753 3274 789 3323 55
811 3258 998 3340 sperandum
1019 3255 1106 3339 55111,
1130 3261 1162 3323 51
1185 3275 1266 3339 quos
1287 3256 1457 3340 55115515
1473 3273 1581 3340 ragno

229 3363 296 3422 suo,
321 3347 355 3410 et
376 3362 458 3426 quae
480 3343 638 3428 permittit
667 3348 701 3408 51
722 3341 862 3410 defendit
883 3349 916 3412 51
937 3361 1064 3412 sarvam
1088 3344 1226 3412 intendit
1246 3343 1357 3411 1551115
1380 3343 1580 3425 quibusque.

229 3431 317 3498 Haeo
338 3435 446 3498 autem
466 3430 547 3498 mibi
568 3449 626 3514 per
646 3427 708 3498 fide
729 3429 842 3512 dignos
863 3431 967 3500 relata
987 3437 1021 3497 51
1041 3433 1075 3498 15
1096 3431 1224 3512 seriptis
1244 3431 1286 3498 de
1308 3449 1344 3498 se
1367 3429 1483 3497 etauio
1499 3447 1585 3498 555-

226 3518 356 3602 signata
377 3523 460 3600 sunt,
490 3516 654 3584 videlicet:
684 3515 838 3584 uiolenter
868 3517 1257 3586 5155155555511511555
1288 3516 1584 3600 arripiuutbapti-

230 3605 331 3672 nando
354 3604 557 3684 5551551155,
590 3603 644 3686 qui
675 3601 795 3670 nollent
825 3604 995 3672 auferendo
1023 3606 1070 3672 515
1099 3622 1210 3671 eorum
1244 3605 1336 3673 bona
1358 3604 1503 3670 Additur
1527 3603 1584 3670 his

229 3690 410 3771 rabodum,
434 3695 467 3756 et
487 3690 622 3758 manime
644 3707 715 3756 cnm
736 3690 770 3756 in
791 3691 1031 3759 detestationem
1054 3695 1088 3758 et
1109 3696 1325 3774 contemptum
1345 3697 1477 3759 5555155
1499 3689 1582 3758 1151

231 3783 359 3844 5551555
388 3775 564 3845 catholicae
584 3782 824 3858 perpetrarunt.
855 3777 915 3844 Eat
944 3797 1079 3861 namque
1111 3779 1266 3860 quaedam
1292 3778 1399 3863 neptis
1421 3777 1499 3846 11511
1524 3777 1585 3845 15-

230 3865 324 3949 epoti,
347 3861 414 3930 lilia
435 3862 522 3930 filiae
543 3863 612 3930 eius
642 3863 763 3930 511115
794 3864 952 3947 magnifici
974 3866 1097 3932 comitis
1118 3865 1160 3932 de
1183 3863 1274 3952 01115,
1297 3885 1381 3948 quae
1403 3868 1505 3949 nupta
1531 3869 1586 3932 551

216 3949 296 4018 ofilio
318 3949 511 4017 serenissimi
533 3967 571 4016 55
592 3949 847 4018 excellentissimi
869 3951 999 4020 cultoris
1024 3969 1061 4022 55
1084 3950 1478 4022 defensoriscbristianae
1501 3950 1585 4020 reli·

230 4037 335 4120 gionis
365 4036 484 4104 domini
515 4036 646 4102 ioannis
675 4038 715 4104 15
745 4035 880 4117 155151,
909 4037 984 4104 olim
1014 4039 1237 4122 gubernatoris
1262 4038 1469 4122 Huugariae3
1493 4057 1585 4122 quae

230 4125 359 4206 quidem
381 4122 496 4206 puella,
520 4124 595 4190 dum
617 4127 691 4190 nata
713 4128 797 4190 esset
817 4125 900 4190 inter
914 4125 1084 4196 catholicos
1106 4131 1140 4192 51
1153 4145 1174 4191 5
1187 4133 1280 4209 patre
1296 4125 1455 4195 catholico
1470 4125 1584 4209 bapti

232 4219 305 4278 nata
326 4211 497 4278 secundnm
528 4209 625 4276 ritum
653 4215 781 4278 sanatae
809 4229 958 4278 romanae
984 4212 1143 4292 55155155,
1167 4221 1277 4296 postea
1299 4214 1408 4296 gratia
1430 4211 1581 4282 consola-

231 4297 328 4364 tionis
350 4302 383 4364 et
405 4295 513 4378 gaudii
535 4297 574 4362 ad
597 4296 715 4364 dictum
736 4296 900 4380 despotum
921 4317 1014 4366 arum
1036 4299 1143 4369 delata
1165 4305 1214 4365 est
1235 4318 1292 4382 per
1314 4305 1584 4382 5555555551,

232 4384 288 4468 qui
322 4391 473 4464 tanquam
505 4400 653 4449 romanae
685 4383 836 4452 555155155
868 4385 1029 4467 inimicus,
1063 4403 1149 4453 more
1183 4404 1241 4454 suo
1275 4385 1470 4468 detestabili,
1506 4403 1584 4454 eam

231 4470 423 4553 rebaptizari
446 4467 530 4547 lacit,
552 4474 584 4536 et
605 4488 663 4552 per
691 4488 870 4538 5555555555
899 4473 1050 4557 temporis
1072 4492 1144 4542 eum
1164 4473 1232 4540 suis
1258 4472 1389 4558 perfidis
1412 4471 1579 4558 calogeris

230 4561 266 4624 et
285 4557 438 4624 sedeate
460 4573 574 4638 magna
603 4558 734 4625 eandem
762 4559 850 4625 misit
878 4560 919 4629 ad
941 4559 1116 4642 praefatum
1139 4559 1300 4628 dominum
1323 4562 1583 4648 gubernatorem

232 4643 323 4728 regni
345 4643 528 4727 Hungariae
551 4644 696 4712 omnibus
718 4645 830 4714 studiis
852 4647 984 4731 5511555,
1007 4653 1044 4716 51
1064 4649 1237 4716 meandum
1258 4667 1365 4721 mures
1386 4667 1464 4724 5555
1480 4668 1584 4734 praa·
