3410 5258
232 311 294 375 326

235 517 358 598 missae,
381 518 414 582 et
434 513 459 582 il
480 531 617 599 gosemo
640 519 672 582 et
693 513 759 582 vita
780 513 813 582 di
835 513 997 594 ciascuno;
1020 518 1053 579 et
1080 509 1261 580 ritrovando
1284 511 1398 581 alonna
1423 529 1495 580 cosa
1516 508 1570 579 de·

235 625 298 691 gna
321 604 354 672 di
376 604 594 670 emendatione
627 621 645 669 o
668 603 867 684 correbtione,
900 600 1024 684 procuri
1046 599 1080 667 di
1102 599 1283 667 emendarla
1303 601 1359 684 pin
1385 605 1495 684 presto
1517 620 1572 686 per

233 695 286 760 ria
309 693 342 760 di
364 692 553 758 correttione
572 689 710 758 fraterna
726 695 759 756 et
774 689 995 757 ammonitione
1010 706 1068 754 con
1084 689 1192 770 carita
1208 687 1267 755 che
1281 705 1339 770 per
1353 689 1436 756 altre
1451 689 1571 769 strada,

232 778 416 848 fiservando
445 796 504 861 per
532 777 643 844 altimo
674 777 698 844 il
720 775 827 844 venire
855 775 895 844 ad
926 781 993 843 atto
1015 773 1191 858 gindiciale,
1221 779 1254 840 et
1275 775 1423 843 maasime
1446 775 1572 859 quando

231 886 293 934 non
316 866 441 949 giovino
463 863 509 948 gli
533 863 704 932 amorevoli
725 865 795 932 suoi
817 864 1040 931 avvertimenti
1066 868 1100 932 et
1122 862 1348 946 ammonitioni,
1370 863 1572 947 prosedendo

233 953 345 1021 alhora
365 951 419 1018 nel
440 949 565 1034 miglior
588 951 679 1020 modo
709 952 768 1019 che
798 956 966 1018 conoscere
987 967 1093 1016 essere
1115 949 1306 1033 sepedientc.
1329 949 1391 1016 Del
1412 951 1471 1018 che
1494 969 1573 1018 anco

232 1042 284 1125 poi
307 1059 342 1107 se
365 1058 405 1105 ne
427 1037 468 1107 ha
491 1038 532 1106 dt
553 1037 610 1104 dar
631 1037 784 1105 relatione
805 1059 825 1104 a
849 1039 872 1104 li
893 1057 933 1104 ss.
956 1033 1109 1104 cardinali
1139 1038 1307 1118 protettori
1330 1042 1363 1103 et
1384 1057 1405 1104 a
1425 1036 1450 1104 li
1474 1055 1570 1122 anpe-

232 1129 309 1194 riori
332 1125 373 1194 de
395 1124 420 1191 li
443 1126 546 1191 ordini
575 1127 607 1192 et
635 1125 781 1208 religioni
810 1123 888 1210 loro,
918 1135 938 1190 a
960 1123 1046 1207 quali
1069 1121 1100 1190 al
1121 1124 1242 1190 ritorno
1263 1143 1321 1192 ano
1343 1143 1378 1191 se
1393 1143 1433 1191 ne
1455 1126 1574 1191 dorent

232 1216 291 1283 dar
313 1211 388 1297 qnel
411 1217 502 1280 conto
526 1217 558 1278 et
580 1213 745 1296 raggoalio
767 1212 825 1279 che
847 1212 1004 1294 conviene,
1029 1210 1114 1277 accio
1138 1209 1195 1277 che
1218 1229 1274 1277 con
1297 1209 1319 1276 l'
1336 1211 1491 1279 auttoritt
1506 1211 1574 1278 loro

233 1319 371 1388 possono
393 1297 461 1366 lare
485 1297 589 1380 quelle
610 1299 790 1384 provisioni,
813 1299 873 1366 che
895 1317 971 1364 sono
994 1295 1135 1380 possibili
1157 1297 1191 1363 in
1214 1297 1288 1380 quei
1313 1297 1409 1382 paesi.

303 1393 353 1455 21.
376 1384 413 1452 In
436 1391 525 1452 tanto
547 1383 693 1454 ellenon
715 1386 841 1454 manchi
864 1402 923 1452 con
944 1385 1018 1468 ogni
1041 1381 1180 1451 efficacia
1202 1391 1234 1450 et
1250 1385 1394 1452 calderas
1409 1387 1575 1454 eehortara
1689 1375 1690 1378 ’

237 1474 262 1542 li
285 1469 364 1542 detti
385 1471 531 1557 regelari,
561 1473 619 1539 che
646 1474 764 1555 odanto
794 1473 849 1556 pid
878 1491 1010 1556 possano
1041 1473 1081 1538 da
1111 1471 1174 1537 essi
1203 1471 1230 1537 ei
1261 1473 1391 1540 attende
1420 1493 1441 1540 a
1466 1474 1575 1540 virere

235 1561 522 1648 christianamente‚
544 1559 597 1644 poi
619 1559 677 1626 che
698 1559 726 1626 ei
749 1565 880 1627 morano
902 1560 936 1625 in
959 1558 1055 1644 paesi,
1078 1577 1119 1624 ne
1142 1557 1228 1640 quali
1250 1559 1299 1625 col
1314 1559 1418 1627 buono
1433 1561 1575 1644 eaempio

232 1653 266 1717 st
288 1649 460 1715 christiane
483 1646 599 1712 attioni
619 1653 650 1712 et
680 1665 774 1730 opere
795 1646 864 1714 loro
893 1665 1027 1730 possono
1056 1645 1166 1728 giovar
1196 1649 1285 1713 tanto
1313 1665 1356 1713 un
1378 1662 1499 1730 gregge
1521 1645 1575 1713 del

232 1737 358 1820 signore
381 1733 445 1802 cosi
467 1733 592 1818 copioso
625 1733 683 1800 che
704 1738 722 1800 e
744 1734 826 1800 fuori
857 1733 897 1800 dc
919 1733 951 1800 la
972 1733 1081 1800 strada
1104 1739 1136 1798 et
1158 1732 1288 1801 meritar
1310 1737 1398 1802 tanto
1422 1751 1575 1818 appresso

234 1841 293 1892 sua
315 1822 421 1890 divina
444 1825 573 1887 maesta.
597 1819 686 1888 Onde
708 1821 844 1906 imperta
866 1821 949 1888 assai
971 1819 1227 1904 ilpersuadsrgli
1250 1827 1283 1887 et
1303 1819 1480 1888 ilmoatrar
1496 1819 1576 1901 loro,

236 1915 355 1994 quanto
376 1925 548 2061 moronga,
571 1907 629 1974 che
651 1908 713 1975 essi
734 1910 848 1975 virano
870 1907 922 1974 nel
944 1907 1138 1975 osservantia
1159 1904 1248 1976 dela
1270 1907 1379 1992 regola
1401 1911 1435 1975 et
1458 1905 1577 1978 consti·

235 1996 351 2064 tutioni
390 2014 454 2062 oro.

302 2085 353 2150 22.
377 2079 418 2149 Sa
439 2077 471 2146 le
493 2081 648 2148 mandene
670 2081 710 2148 ad
734 2081 843 2149 effetto
865 2081 898 2148 di
921 2085 1032 2164 questa
1053 2079 1148 2147 visita
1170 2081 1203 2146 in
1225 2079 1335 2163 lingna
1349 2079 1451 2148 latina
1470 2079 1577 2148 alcuni

238 2171 309 2254 oapi
331 2170 364 2236 dl
387 2167 495 2252 quelli,
518 2168 576 2234 che
598 2185 656 2250 per
689 2168 871 2236 istruttione
900 2169 927 2236 ai
959 2165 1100 2250 sogliono
1131 2168 1208 2234 dere
1231 2169 1296 2250 agli
1322 2167 1396 2235 altri
1418 2167 1579 2235 visitatori

237 2255 378 2324 mandati
401 2256 442 2330 da
464 2259 574 2336 questa
597 2259 689 2322 santa
711 2256 785 2322 sede
806 2253 981 2338 apostolica
1002 2255 1035 2320 in
1058 2255 1180 2322 diverse
1201 2256 1361 2338 provincie
1374 2261 1407 2322 et
1421 2257 1519 2340 parti.
1535 2253 1579 2318 Et

238 2361 273 2413 se
295 2344 374 2410 bene
395 2342 429 2408 in
445 2342 507 2409 essi
530 2341 557 2408 si
579 2347 773 2426 contengono
794 2361 873 2424 cose,
895 2339 1037 2424 leonati
1058 2340 1110 2408 nel
1133 2343 1264 2408 termine
1290 2343 1322 2410 a‘t
1344 2347 1437 2421 stato,
1460 2343 1495 2408 in
1518 2342 1578 2408 che

237 2431 266 2499 si
289 2437 419 2496 nerano
441 2427 465 2494 li
487 2428 585 2512 paesi,
608 2448 666 2495 ore
688 2431 807 2497 andere
828 2429 866 2496 V.
884 2428 915 2494 S.
940 2429 971 2493 vi
993 2428 1021 2494 si
1036 2428 1119 2494 hano
1134 2429 1188 2511 pit
1203 2434 1309 2512 presto
1327 2429 1368 2496 da
1383 2427 1578 2512 desiderare,

239 2518 297 2585 che
318 2517 350 2583 vi
372 2516 400 2584 ai
422 2533 557 2598 possano
585 2515 784 2599 pienamente
815 2515 974 2597 casaguire
1005 2533 1093 2582 come
1122 2517 1156 2580 in
1187 2517 1250 2583 essi
1279 2516 1490 2594 sicontien03
1516 2533 1579 2580 non

238 2603 364 2671 dimano
387 2619 422 2669 sc
443 2601 475 2668 1ο
497 2603 663 2685 mandene,
688 2605 772 2671 accio
786 2605 851 2683 che
874 2601 938 2670 ella
960 2621 1000 2669 ne
1015 2603 1083 2669 cari
1099 2601 1172 2685 quel
1187 2603 1246 2670 che
1261 2608 1439 2689 conoscert,
1456 2603 1516 2670 che
1531 2601 1581 2668 aia

236 2690 418 2776 capedicnte
440 2708 460 2755 ο
481 2707 555 2756 vero
578 2695 761 2776 opportuno.

301 2781 350 2842 23.
374 2774 438 2842 Tra
459 2775 481 2842 l’
494 2775 575 2842 altre
598 2795 669 2844 cose
692 2777 751 2844 che
773 2774 811 2844 V.
835 2775 866 2844 S.
889 2777 1007 2844 havera
1028 2775 1069 2842 da
1083 2774 1151 2842 lare
1165 2775 1198 2842 in
1217 2779 1330 2858 questa
1344 2795 1402 2844 sua
1417 2775 1578 2854 missione,

237 2867 357 2933 dovera
380 2877 438 2929 con
460 2864 558 2929 molta
580 2865 743 2931 deatrezza
772 2868 804 2932 et
835 2871 1015 2930 accorteaza
1044 2861 1160 2946 pigliar
1186 2863 1405 2930 informatione
1428 2865 1461 2930 di
1485 2861 1579 2928 molti

236 2953 317 3019 bene
341 2947 554 3030 ecclesiastici,
585 2950 643 3017 che
671 2951 700 3018 si
730 2955 860 3018 morano
882 2949 915 3016 in
937 2951 1011 3032 quei
1032 2949 1124 3032 regni
1146 2953 1179 3016 et
1200 2951 1289 3032 paesi
1314 2950 1458 3032 occupati
1481 2951 1580 3017 etiam

236 3041 278 3106 da
301 3037 475 3112 christiani,
507 3037 548 3102 de
579 3035 665 3120 quali
695 3033 810 3118 alcuni,
840 3056 897 3122 per
926 3041 1044 3122 quanto
1066 3037 1093 3102 si
1115 3037 1253 3124 intende,
1275 3035 1300 3104 11
1322 3038 1498 3122 possedero
1521 3053 1581 3119 per

236 3123 311 3192 beni
334 3123 367 3190 di
390 3124 497 3192 chiesa
520 3125 552 3188 et
573 3141 636 3190 non
658 3123 681 3190 li
704 3125 933 3205 restituiscono‚
957 3123 1072 3206 perche
1090 3143 1151 3190 non
1167 3124 1195 3189 ci
1212 3127 1230 3190 1
1245 3129 1330 3191 stata
1343 3124 1392 3191 sin
1408 3123 1487 3191 hora
1503 3138 1578 3206 per-

236 3231 324 3292 sona,
349 3209 407 3278 che
429 3207 548 3279 habbia
569 3209 650 3276 latta
671 3211 822 3277 instantia
844 3211 877 3276 di
899 3207 1130 3294 recuperargli3
1153 3215 1185 3277 et
1207 3212 1265 3277 cho
1279 3212 1411 3278 essendo
1425 3212 1576 3277 ricsrcati

236 3295 419 3366 finalmente
442 3299 469 3364 ai
491 3296 682 3364 indumebon
705 3315 724 3365 a
746 3297 948 3381 reatituirgli;
971 3300 1047 3380 perd
1069 3297 1149 3364 facet
1172 3316 1212 3363 ne
1231 3297 1337 3382 quegli
1352 3297 1458 3379 cilicii,
1473 3296 1580 3364 chale

236 3385 555 3554 ttttttttt
575 3383 1032 3554 itttitdtttdtt
1045 3383 1507 3556 titttttltttntt
1522 3403 1581 3552 tt

237 3557 263 3625 il
287 3556 381 3641 quale
403 3555 664 3642 principalmente
696 3559 758 3626 ella
786 3562 825 3650 c,
839 3558 1007 3642 msndata3
1036 3571 1093 3642 per
1123 3559 1170 3626 cio
1194 3519 1251 3626 alre
1273 3575 1308 3626 se
1330 3559 1358 3625 si
1379 3559 1581 3642 ricoperasee

239 3645 354 3718 alcuna
376 3663 449 3712 cosa
466 3643 636 3723 rl'entrata
659 3663 694 3712 ae
715 3665 755 3712 ne
778 3646 928 3727 ponente
951 3643 1116 3712 constituir
1155 3645 1303 3712 roaisionl
1325 3663 1385 3730 per
1399 3645 1525 3713 vescovi
1543 3649 1580 3710 et

238 3732 352 3798 rattori
374 3732 416 3799 da
437 3731 600 3816 deputarsi
630 3749 649 3799 a
670 3731 704 3800 la
732 3749 808 3800 cura
830 3737 863 3799 et
883 3731 987 3801 salute
1016 3733 1049 3798 di
1071 3665 1175 3814 quelle
1196 3731 1302 3800 aalma
1330 3746 1369 3798 ne
1402 3730 1448 3815 gli
1470 3730 1581 3798 istessd

239 3817 349 3902 luoghi
373 3833 392 3884 ο
414 3817 488 3885 altri
510 3817 612 3884 ricini

306 3905 408 3986 sopra
429 3905 502 3988 ogni
524 3905 607 3972 altra
628 3923 701 3977 cosa
723 3905 762 3972 V.
784 3903 816 3972 S.
832 3903 901 3974 sard
916 3901 1067 3989 diligente
1082 3903 1341 3988 consideratione,
1357 3904 1435 3972 dove
1455 3907 1580 3986 emag-

242 3991 313 4076 gior
335 3991 465 4074 bisogno
488 3991 656 4076 d’operarii
685 4010 742 4074 per
773 3993 894 4060 aistano
918 3997 951 4058 et
971 3991 1128 4060 indriznar
1154 3991 1259 4074 quelle
1282 4009 1396 4076 ponere
1418 3991 1524 4058 anime
1547 3997 1583 4057 et

242 4079 301 4146 che
324 4077 375 4145 via
397 4078 424 4145 si
446 4079 623 4146 haverebbe
645 4097 663 4146 a
686 4085 795 4146 tenere
824 4097 880 4162 per
910 4079 1087 4161 proaederll
1113 4080 1168 4163 pid
1190 4079 1370 4146 lacilmente
1392 4081 1425 4145 et
1446 4079 1479 4143 in
1502 4076 1582 4159 qual

239 4165 337 4245 luogo
360 4165 415 4248 pit
437 4165 704 4232 commodamcnte
726 4167 753 4232 si
778 4165 945 4234 havessero
967 4185 986 4233 a
1008 4167 1160 4249 deputare
1187 4167 1302 4233 rettori
1325 4171 1359 4232 et
1380 4165 1537 4232 sacerdoti
1560 4193 1562 4226 ι

242 4256 355 4336 questo
378 4250 496 4336 effecto,
520 4257 553 4316 et
575 4253 632 4319 cha
654 4255 746 4320 modo
768 4256 796 4320 si
818 4253 951 4320 hareses
973 4255 1142 4321 deterrere
1166 4268 1222 4336 per
1245 4255 1302 4322 dar
1323 4251 1391 4321 loro
1414 4253 1456 4321 da
1471 4251 1574 4318 vivere

242 4345 275 4408 et
297 4337 359 4406 ella
382 4339 518 4420 notendo
539 4338 621 4405 farlo
642 4339 674 4405 lo
696 4339 901 4422 esscgniesca.

306 4425 358 4492 24.
382 4425 430 4492 Ne
452 4424 480 4491 al
502 4425 649 4494 scordera
664 4427 696 4494 di
718 4427 767 4493 iar
788 4427 942 4510 pensiero,
966 4445 1053 4493 come
1076 4427 1109 4492 in
1131 4429 1202 4510 quai
1219 4426 1306 4511 paesi
1322 4425 1350 4492 'ai
1364 4429 1490 4508 potesse
1506 4440 1565 4492 con

239 4512 373 4581 stituere
396 4511 508 4580 alcuna
539 4511 632 4593 scola,
665 4519 705 4579 n'e
736 4513 768 4581 la
790 4515 882 4597 quale
903 4515 915 4578 i
937 4509 1079 4580 lancinlli
1109 4519 1270 4597 potessero
1293 4529 1396 4607 essem
1418 4512 1566 4594 inaegnot

240 4601 280 4666 de
302 4598 336 4666 la
357 4599 497 4666 dottrina
519 4599 692 4666 christiana
722 4605 755 4666 et
785 4601 866 4668 altre
888 4617 960 4666 cose
987 4600 1207 4683 spiritualida
1231 4600 1359 4668 maeotii
1381 4599 1522 4666 letterati
1545 4619 1566 4665 e

239 4685 344 4768 fedeli,
367 4686 512 4756 accioche
534 4685 582 4752 col
604 4693 709 4770 tempo
725 4685 753 4753 sl
768 4687 952 4755 rendessero
966 4688 1122 4755 sacerdoti
1136 4687 1241 4756 idonei
1255 4689 1296 4757 da
1310 4694 1401 4773 poter
1418 4689 1566 4755 maamad

239 4773 272 4843 la
294 4774 395 4842 verita
417 4777 450 4842 et
471 4775 618 4858 insegnar
639 4771 686 4858 gli
707 4773 791 4845 altri.
