3410 5258
231 253 292 313 276

230 455 270 522 de
293 455 493 538 pertinentiis
515 459 550 521 et
571 453 726 522 reditibus
748 454 845 522 castri
867 454 966 522 nostri
982 453 1090 522 Bribir
1112 453 1189 520 dicti
1203 453 1369 538 scaminus
1383 449 1487 520 libras
1502 448 1579 518 soli·

231 541 344 608 dorum
368 547 400 608 et
423 543 530 608 decem
553 541 664 623 spodia
686 541 751 608 vini
774 559 920 609 mensure
949 539 1037 608 illius
1059 540 1129 608 loci.
1152 541 1234 611 Item
1260 543 1299 608 de
1320 537 1523 625 pertinentiis
1545 541 1580 604 et

229 629 438 714 proventum
459 628 556 696 castri
580 629 680 695 nostri
702 627 865 711 Nouigrad
880 627 957 696 dicti
972 633 1097 698 centum
1111 627 1211 695 libras
1226 625 1399 696 solidorum
1414 631 1448 694 ct
1462 623 1580 710 viginti

229 716 343 800 spodio
365 715 429 782 vini
452 733 598 781 mensure
620 713 722 796 ipsius
751 713 812 782 loci
835 731 907 782 cum
929 716 1052 784 duabus
1073 715 1220 782 domibus
1241 715 1376 781 duorum
1396 711 1581 780 blorlscho·

230 819 301 868 rum
325 803 364 870 de
385 801 587 886 pertinentiis
618 801 718 884 ipsius
747 803 843 886 castri
878 801 1050 885 Nouigrad
1085 819 1143 886 per
1164 819 1221 868 nos
1243 819 1314 868 eum
1336 800 1401 867 biis
1420 797 1582 884 serviciis,

231 907 303 955 cum
325 888 439 972 quibus
460 888 522 974 ipsi
544 893 648 956 castro
671 893 704 954 et
725 888 816 955 nobis
839 889 1027 968 serviebant,
1056 889 1301 956 comtitutorum
1323 893 1357 953 et
1378 887 1421 954 ad
1441 884 1582 952 cerrima

231 975 333 1058 ipsius
356 973 486 1041 claustri
508 979 541 1042 et
564 974 697 1042 ecclesie
727 993 765 1041 ac
796 974 931 1042 fratrum
960 975 1093 1060 predicti
1123 973 1184 1042 luci
1214 991 1286 1042 cum
1315 973 1401 1041 omni
1422 970 1583 1038 fidelitate

232 1061 464 1145 deputatorum.
488 1063 569 1128 Item
599 1063 638 1128 de
669 1060 868 1143 pertinentiis
899 1067 932 1129 et
961 1061 1167 1146 proventibus
1195 1063 1290 1129 castri
1311 1059 1413 1128 nostri
1435 1057 1582 1141 Otboosp

234 1153 387 1230 quantum
408 1150 449 1216 ad
471 1153 595 1232 partem
617 1151 758 1214 nocuum
780 1149 946 1232 semginta
967 1148 1067 1216 staria
1088 1149 1197 1228 tritici,
1223 1147 1334 1216 decem
1355 1145 1437 1214 milii
1458 1151 1494 1212 ct
1517 1143 1583 1212 alia

236 1238 345 1302 decem
367 1235 467 1301 staria
489 1235 586 1302 ordei.
610 1234 691 1300 Item
713 1233 753 1301 de
776 1235 976 1316 pertinentiis
998 1241 1030 1301 st
1052 1235 1256 1320 proventibus
1270 1233 1367 1302 castri
1381 1231 1484 1302 nostri
1499 1229 1585 1298 Okic

236 1322 345 1388 decem
367 1339 478 1404 porcos
501 1321 674 1388 annuatim.
697 1320 777 1387 Item
799 1321 840 1389 de
861 1321 1062 1405 perunenurs
1084 1327 1117 1388 et
1139 1317 1343 1406 proventibus
1364 1319 1462 1388 casui
1478 1315 1583 1386 posui

235 1405 424 1490 Oostagnica
446 1409 554 1474 decem
577 1425 698 1492 porcos.
731 1406 829 1474 Cuius
860 1410 989 1492 quidem
1011 1409 1190 1477 donationis
1216 1412 1323 1476 nostre
1345 1407 1404 1474 bas
1425 1407 1584 1476 duceattu

234 1499 267 1560 at
289 1494 454 1576 sexaginta
483 1493 582 1561 libras
611 1493 784 1560 subdurum
814 1497 899 1562 omui
928 1513 1011 1562 anno
1041 1495 1210 1578 provenire
1240 1495 1358 1562 debent
1389 1511 1430 1560 cx
1459 1494 1584 1562 insum

234 1581 449 1664 assignatione
467 1589 642 1648 castrorum
664 1586 843 1648 neruorum
858 1579 1063 1664 putatorum,
1086 1581 1284 1664 assignamus
1306 1589 1339 1648 et
1359 1577 1508 1648 volumus
1526 1595 1584 1644 aas

235 1667 391 1750 assignari
413 1672 446 1732 et
468 1667 538 1735 dari
560 1667 601 1734 ad
624 1669 875 1751 cooperatorium
906 1677 938 1736 et
959 1665 1217 1737 reformationem
1239 1667 1370 1736 clausui
1391 1671 1425 1733 et
1446 1663 1583 1734 aedesio

233 1755 456 1837 predictorum.
481 1753 640 1820 Victualis
661 1759 769 1821 autem
799 1773 838 1821 ex
868 1755 1053 1839 prescriptis
1081 1755 1195 1824 castris
1216 1754 1335 1822 ‘nosris
1359 1749 1583 1836 provenientia

234 1848 267 1906 st
289 1839 342 1906 bic
365 1837 559 1927 consignata,
582 1839 745 1907 videlicet:
779 1841 863 1924 vina,
883 1841 982 1910 vblada
1005 1845 1038 1908 et
1059 1859 1171 1924 porcos
1193 1843 1306 1910 damus
1328 1845 1361 1908 et
1380 1839 1586 1923 assignem

234 1926 398 1992 annuatim
420 1925 553 2010 prefatis
575 1925 736 2012 iratribus,
769 1947 825 2010 pro
857 1929 942 1996 victu
972 1928 1155 1996 eorumdem
1187 1934 1220 1998 et
1249 1927 1382 1995 aliorum
1403 1939 1586 2010 pauperum

234 2011 315 2079 inibi
337 2014 405 2078 Deo
426 2012 648 2081 famulantium
672 2019 878 2098 perpetuast
901 2013 1150 2082 irrevocabiliter
1171 2021 1205 2082 st
1225 2013 1321 2100 pleno
1342 2013 1423 2096 iure,
1445 2030 1510 2094 quo
1533 2009 1587 2077 usi

236 2115 364 2180 semper
385 2117 493 2166 snmus
513 2100 546 2164 in
562 2097 634 2167 aliis
648 2101 868 2168 donationibus
884 2121 923 2170 ex
938 2103 1030 2170 bonis
1046 2107 1079 2168 ct
1092 2099 1345 2186 possessionibus
1358 2099 1478 2168 nostis
1489 2096 1587 2164 nobis

234 2205 254 2252 a
276 2185 344 2251 Deo
368 2183 493 2252 collatis
515 2185 721 2268 possidendas
743 2189 961 2270 exuahendas,
985 2188 1105 2270 pariter
1126 2194 1160 2256 et
1181 2187 1353 2267 habendas,
1377 2187 1501 2266 damus,
1526 2185 1586 2251 do·

234 2289 357 2352 namus,
390 2271 591 2355 assignamus
621 2279 653 2339 et
682 2277 793 2340 tenore
822 2275 1018 2358 presentium
1051 2273 1229 2342 fundamus.
1261 2273 1306 2339 Et
1337 2273 1414 2356 quia
1442 2268 1587 2354 premet

235 2357 361 2438 iratres,
385 2375 456 2425 cum
478 2359 542 2424 sint
564 2361 604 2426 de
625 2359 834 2441 observantia,
858 2362 949 2429 uobis
968 2379 1029 2443 pro
1044 2361 1225 2428 huiusmodi
1243 2365 1433 2427 testamento
1454 2359 1588 2425 resiste

236 2443 315 2510 bant
336 2463 394 2511 nec
416 2444 564 2512 volebant
585 2447 784 2530 acquiescere
808 2452 843 2514 ut
865 2451 1038 2533 acceptent
1063 2467 1129 2526 nos,
1153 2447 1237 2530 quod
1268 2444 1357 2514 zelus
1386 2445 1501 2514 domus
1523 2440 1588 2510 Dei

237 2531 380 2598 concedit
410 2536 443 2597 et
473 2535 640 2615 presertim
671 2531 770 2616 ipsius
801 2535 933 2602 ecclesie
958 2541 1067 2602 sancte
1095 2533 1211 2620 Maria,
1241 2533 1296 2600 ubi
1324 2539 1358 2600 et
1383 2529 1587 2616 supulturam

235 2615 456 2700 preelegimus.
482 2619 528 2684 eis
550 2617 702 2686 batnbus
724 2619 842 2696 litteris
864 2619 1047 2704 apostolicis
1068 2620 1231 2688 silentium
1244 2619 1289 2686 im
1333 2620 1454 2688 suimus
1470 2635 1511 2686 ac
1530 2633 1588 2684 eos

235 2705 414 2770 consentire
436 2704 577 2786 lecimus,
608 2712 703 2788 procu
732 2707 851 2774 eisdem
882 2707 998 2775 litteris
1028 2713 1062 2773 et
1084 2707 1190 2793 bullis,
1214 2707 1286 2775 vide
1302 2705 1364 2773 'cet
1389 2699 1589 2773 sanemini

236 2790 340 2872 patris
370 2796 403 2856 et
434 2792 564 2871 domini,
595 2793 713 2859 domini
738 2791 818 2860 Sixti
848 2813 930 2878 pape
960 2794 1067 2879 quarti
1100 2812 1248 2880 expresse
1277 2791 1465 2872 continetur,
1495 2789 1589 2856 volu·

236 2893 381 2958 musque,
404 2876 488 2958 qnod
516 2879 585 2961 ipss
616 2879 749 2961 pecunie
778 2885 811 2946 et
832 2881 992 2960 victualia,
1015 2881 1235 2966 provenientes
1257 2884 1291 2946 ct
1310 2877 1534 2964 provenientia
1556 2879 1592 2942 et

236 2963 444 3115 proventibus
477 2973 653 3032 castrorum
682 2971 869 3054 nostrorum,
903 2969 959 3050 qui
992 2968 1137 3034 redditus
1165 2966 1341 3048 vulgariter
1362 2967 1591 3048 nuncupantur

261 3049 288 3114 ir
311 3067 367 3132 per
390 3050 576 3130 ordinarios,
600 3069 679 3134 quos
710 3070 766 3135 pro
789 3057 865 3120 tunc
893 3055 1053 3122 videbitur
1076 3053 1154 3136 ipsis
1176 3051 1329 3121 iratribus
1350 3055 1588 3136 procuratores,

239 3140 473 3218 congregentur
484 3143 517 3202 et
531 3135 756 3222 recolligantur
771 3139 812 3207 ad
823 3157 997 3224 manusque
1012 3141 1225 3225 predictorum
1240 3137 1384 3222 gaudiani
1400 3143 1435 3204 et
1448 3137 1592 3204 fratrum

238 3221 370 3289 realiter
392 3229 425 3287 et
447 3241 519 3288 cum
541 3221 663 3304 effectu,
686 3225 808 3307 absque
830 3228 915 3294 omni
938 3225 1135 3309 subterfugio
1150 3234 1183 3294 et
1205 3225 1401 3310 dilatatione,
1424 3224 1591 3310 deponan-

240 3313 302 3373 tur.
327 3307 371 3372 Et
394 3309 468 3389 quia
490 3308 682 3378 confidentes
705 3311 935 3380 deselationis
962 3314 1180 3399 promissione,
1207 3312 1363 3396 quantis.
1386 3310 1443 3394 qui
1464 3317 1591 3394 tempo

238 3393 322 3460 ralis
345 3394 385 3460 ob
407 3395 457 3460 sui
480 3413 619 3461 amorem
642 3395 826 3480 relinquunt
856 3399 949 3486 bona,
979 3399 1126 3484 policitus
1147 3405 1197 3466 est
1218 3397 1316 3467 etiam
1338 3398 1468 3480 insuper
1489 3400 1594 3464 vitam

239 3498 275 3546 se
298 3482 447 3546 daturum
469 3486 621 3566 emmam,
645 3490 677 3548 et
700 3487 736 3548 ut
749 3484 817 3568 ipsc
832 3505 889 3554 nos
904 3487 1051 3554 meredes
1065 3485 1170 3554 lacere
1185 3486 1378 3570 dignaretur,
1395 3501 1468 3552 eum
1483 3482 1594 3568 ipsum

240 3569 431 3634 salvatorem
446 3574 588 3634 nostrum
605 3569 766 3635 dominum
780 3569 802 3636 J
804 3589 891 3638 esum
907 3573 1069 3640 Christum
1083 3577 1116 3638 et
1131 3592 1222 3639 suum
1234 3571 1435 3639 benedictam
1451 3575 1594 3637 manem

241 3653 406 3736 virginem,
429 3671 537 3720 rerum
559 3655 698 3721 omnium
721 3655 914 3738 prefatarnm
936 3663 1032 3742 atquc
1054 3659 1242 3742 legatarum,
1266 3664 1376 3725 tenore
1392 3655 1594 3742 presentium

241 3739 376 3807 heredes
398 3740 618 3808 constituimus
641 3747 674 3807 et
696 3741 828 3809 lecimus
858 3744 927 3810 iure
957 3752 1109 3830 perpetuo
1132 3751 1165 3812 et
1185 3744 1443 3813 irrevocabiliter.
1467 3743 1595 3824 Impre-

241 3832 351 3892 cantes
374 3828 519 3892 omnibus
541 3836 574 3894 et
597 3845 707 3895 eorum
729 3829 938 3898 conscientias
959 3837 1137 3913 onerantes,
1161 3833 1244 3916 quod
1264 3831 1338 3898 huic
1355 3835 1463 3898 nostre
1477 3828 1593 3897 volun·

240 3911 320 3979 tatis
343 3919 374 3979 et
397 3919 587 3980 testamento
619 3931 698 3982 ausu
726 3917 896 3984 temerario
927 3920 1093 3998 contraire,
1118 3924 1174 3985 aut
1199 3919 1240 3986 de
1261 3917 1324 3985 biis
1346 3917 1423 3999 quid
1444 3916 1595 3984 minuma

241 3998 777 4155 {mutulenvelliiinlrirggeramvedl
800 4001 1145 4159 Ohgsmenlrtdominnm
1159 4009 1314 4168 mm,
1320 4010 1354 4070 et
1368 4005 1437 4155 sitris
1448 4007 1596 4156 gam

392 4107 410 4152 a
525 4106 541 4152 s
658 4107 972 4157 noooeerr
1025 4111 1042 4157 e
1092 4109 1199 4158 rosum
1338 4109 1386 4158 ac
1503 4141 1508 4152 .

242 4173 409 4238 temerarii
431 4105 665 4258 persumpffoffls
688 4175 879 4258 respondere
901 4195 1008 4244 coram
1030 4109 1181 4244 trilbunali
1197 4109 1338 4244 giusdem
1352 4107 1470 4244 domipbi
1488 4175 1596 4246 nostrl

246 4259 325 4326 Jesu
348 4257 468 4325 Obristi
499 4259 531 4324 in
559 4261 611 4326 die
642 4261 750 4328 iudicii
783 4267 946 4344 cogatur,
978 4281 1075 4346 seque
1104 4263 1250 4330 noverint
1277 4263 1360 4331 iusto
1389 4261 1451 4329 Dei
1472 4262 1591 4330 iudicio

244 4345 507 4412 exhereditundos
539 4347 579 4413 do
610 4365 708 4430 regno
731 4346 880 4416 celorum.
911 4349 1066 4428 Quoniam
1088 4350 1120 4415 in
1143 4367 1253 4417 ornnes
1275 4349 1356 4417 tales
1378 4349 1591 4434 cuiuscunque

242 4437 356 4512 status,
390 4433 579 4499 conditionis
612 4433 663 4499 vel
697 4435 946 4516 probeminentie
978 4435 1142 4504 extiterint
1172 4435 1223 4504 vel
1252 4435 1397 4518 existuit,
1427 4434 1482 4518 qui
1508 4435 1594 4503 bano

243 4525 384 4586 nostram
412 4519 625 4601 largitionem,
659 4517 861 4604 voluntatem,
892 4532 924 4589 et
956 4527 1180 4592 testamentum
1211 4521 1387 4608 iufringere
1409 4521 1591 4592 studuerint

243 4603 295 4672 vel
318 4623 445 4688 operam
469 4605 616 4674 dederint
643 4605 811 4690 efficacem,
837 4609 1166 4678 excommunicationis
1191 4609 1381 4678 sententiam
1404 4611 1438 4676 et
1460 4607 1583 4677 anathe-
