3394 5266
1403 291 1439 354 41

97 499 257 582 quandum
279 497 510 582 possessiouem
539 495 617 563 dicti
647 493 837 564 Tuertlsonis
867 491 1051 562 Jelsauicba
1082 493 1269 578 (Jelsauica)
1302 498 1445 560 socamm

98 605 166 652 cum
190 583 397 670 pertinenciis
419 583 669 667 possessionibus
691 581 814 666 prefate
837 580 968 649 ecclesie
989 581 1124 647 Romen.
1148 581 1317 648 Dubnicba
1339 579 1446 663 appel·

98 671 159 738 late
171 673 340 738 adiacente
348 671 482 737 Bounen.
492 671 637 754 dioc(esi)
647 689 718 736 cum
730 669 874 736 omnibus
882 669 948 734 suis
956 667 1156 755 utilitatibus,
1167 667 1315 734 uidelicet
1324 667 1446 750 (terris)

98 759 283 837 arabilibus,
296 759 394 837 silvis,
410 757 520 838 pratis,
534 758 625 839 aquis
641 762 672 824 et
687 753 868 823 nemoribus
883 775 921 822 ac
936 753 1133 838 quibuslibet
1147 754 1350 838 pertinenciis
1367 755 1447 820 eius·

99 848 177 924 dem,
212 845 336 928 prelato
365 845 473 911 Petro·
491 844 638 927 episcopo
660 845 789 926 suisque
818 841 1051 910 successoribus
1081 846 1114 908 et
1144 861 1202 924 per
1232 860 1286 908 eos
1316 839 1448 907 ecclesie

12 951 13 954 ¹
99 933 236 999 Bozuen.
261 929 417 1014 prelibata
439 931 571 998 donauit
593 935 626 996 et
649 929 792 1016 contulit,
816 935 968 1013 perpetuo
992 935 1024 994 et
1039 927 1292 995 irreuocabiliter
1314 947 1371 1010 per
1393 947 1448 994 eos

99 1019 334 1102 possidendam,
351 1017 520 1084 tenendam
544 1017 664 1100 pariter
686 1023 719 1083 et
734 1017 920 1100 habendam,
944 1020 1038 1097 prout
1060 1015 1093 1080 in
1114 1015 1232 1082 litteris
1254 1015 1446 1096 amenitatis,

101 1106 174 1172 iude
206 1103 373 1171 nostratiis
403 1103 481 1171 dicti
512 1103 704 1171 Tuertkonis
726 1103 823 1170 banni
845 1101 952 1184 sigillo
981 1103 1120 1182 munitis,
1145 1119 1277 1184 quarum
1306 1108 1448 1168 tenorem

101 1195 139 1260 de
160 1192 262 1259 uerbo
286 1191 325 1257 ad
348 1191 480 1257 uerbum
503 1191 702 1274 presentibus
724 1189 817 1256 inieri
840 1189 981 1269 lecimus,
997 1189 1121 1271 plenius
1140 1189 1325 1256 continetur.
1343 1189 1448 1266 Quare

101 1298 156 1363 pro
180 1285 274 1362 parte
298 1277 372 1345 dicti
396 1278 534 1360 episcopi
570 1277 660 1344 nobis
690 1276 751 1342 fuit
780 1276 943 1343 humiliter
972 1273 1194 1358 supplicatum,
1218 1280 1254 1341 ut
1284 1275 1447 1357 premissis

105 1367 203 1432 robur
225 1363 476 1432 confirmacionis
507 1363 633 1430 adicere
664 1364 704 1430 de
725 1363 920 1445 benignitate
951 1361 1126 1446 apostolica
1147 1363 1359 1444 dignaremur.
1382 1361 1448 1426 Nos

103 1453 211 1534 itaque
235 1451 399 1534 premissis
419 1449 706 1534 supplicacionibos
727 1448 871 1516 inclinati
901 1447 1081 1516 huiusmodi
1104 1449 1308 1516 donacionem
1331 1453 1363 1514 et
1385 1445 1449 1512 col·

12 1545 13 1552 ’
103 1539 257 1606 ledonem
280 1537 478 1621 perdicium
501 1535 713 1603 Tuertlronem
736 1537 862 1616 benum,
885 1539 921 1602 ut
936 1534 1140 1618 premittitur,
1164 1535 1273 1613 lactas,
1289 1539 1376 1602 ratas
1393 1535 1448 1601 ha-

103 1627 214 1694 bentes
245 1629 343 1706 atque
371 1629 479 1706 gratas
511 1642 549 1689 ea
580 1642 617 1690 ex
648 1629 734 1690 certa
765 1623 902 1690 sciencia
924 1622 1113 1690 auctoritate
1143 1621 1317 1706 apostolica
1339 1626 1448 1686 tenore

105 1713 303 1798 presencium
318 1711 540 1778 confirmamus
555 1715 587 1776 et
602 1708 760 1792 presentis
774 1709 882 1793 scripti
898 1707 1073 1792 patrocinio
1089 1709 1327 1776 communimus.
1344 1707 1449 1772 Terror

12 1819 14 1874 ῑ
106 1806 209 1867 numm
234 1799 390 1865 dictarum
420 1797 585 1863 literarum
614 1795 688 1863 talis
718 1801 784 1862 est:
809 1795 949 1862 Tuertlro
972 1795 1023 1862 dei
1053 1793 1162 1878 gracia
1184 1797 1285 1862 banus
1310 1795 1446 1862 Boznen.

12 1881 13 1936 l
106 1886 250 1954 omnibus
272 1881 529 1951 christifidelibus
551 1883 750 1966 presentibus
772 1883 892 1966 pariter
913 1886 946 1948 et
960 1881 1077 1948 futuris
1099 1887 1279 1964 presentem
1301 1880 1449 1964 paginam

12 2001 14 2058 l
106 1973 301 2040 intuentibus
323 1969 459 2038 salutem
481 1971 514 2035 iu
537 1970 677 2036 omnium
699 1969 867 2036 saluatore.
892 1968 996 2047 Quum
1019 1967 1137 2035 obliuio
1159 1987 1296 2035 nouerca
1319 1973 1369 2033 est
1383 1987 1449 2032 me·

106 2059 213 2144 morie,
239 2057 373 2140 prouida
396 2063 428 2124 et
450 2057 676 2140 cicumspecta
698 2075 786 2122 mens
808 2057 969 2122 hominum
991 2055 1155 2122 adiuuerit
1180 2075 1231 2122 res
1253 2059 1359 2137 gestas
1380 2053 1449 2119 llte-

12 2151 14 2194 ³
107 2165 211 2214 rarum
247 2145 423 2230 patrocinio
454 2145 633 2227 perluloire,
669 2144 800 2228 proinde
830 2145 871 2210 ad
901 2144 1121 2208 universorum
1154 2143 1304 2208 noticiam
1337 2141 1449 2206 harum

12 2247 14 2300 i
109 2235 188 2302 serie
210 2235 358 2300 uolumus
380 2231 564 2315 peruenire:
586 2230 685 2311 Quod,
710 2230 786 2312 quia
808 2229 997 2296 venerabilis
1019 2229 1052 2294 in
1076 2229 1204 2294 Christo
1226 2233 1320 2312 pater
1342 2233 1374 2293 et
1397 2229 1449 2292 do-

111 2321 219 2403 miuus,
244 2319 390 2386 dominus
412 2319 535 2398 Petrus,
567 2325 678 2385 sancta
707 2319 768 2384 Dei
800 2321 833 2384 et
855 2314 1026 2400 apostolice
1048 2315 1133 2382 sedis
1156 2315 1262 2398 gracia
1285 2315 1450 2400 episcopus

109 2406 238 2474 ecclesie
261 2406 398 2472 Bonnen
428 2406 460 2470 in
494 2402 654 2477 nonnullis
683 2405 792 2470 arduis
824 2403 962 2485 negociis
992 2408 1025 2466 et
1047 2400 1301 2484 expedicionibus
1322 2400 1449 2482 nostris,

110 2500 172 2562 mm
195 2495 280 2577 apud
302 2491 463 2560 dominam
486 2509 594 2574 regem
617 2491 781 2574 Hungarie
799 2489 988 2574 specialiter,
1005 2507 1100 2572 quam
1115 2488 1214 2556 eciam
1231 2487 1302 2556 aliis
1317 2487 1451 2554 ubilibet

110 2582 140 2646 in
161 2579 238 2646 locis
269 2579 385 2645 debitis
415 2585 448 2645 et
477 2577 674 2662 temporibus
702 2577 886 2662 opportunis
917 2596 975 2642 sua
1003 2574 1187 2642 fidelissima
1218 2579 1251 2641 et
1277 2573 1451 2642 multifaria

111 2667 241 2735 seruicia
263 2665 386 2733 studuit
416 2664 565 2730 exhibere
593 2663 761 2750 indefesse,
791 2665 864 2730 ideo
894 2683 951 2730 nos
981 2682 1046 2728 una
1075 2679 1147 2728 cum
1170 2661 1329 2746 Stephano
1352 2661 1451 2728 fratre

111 2754 227 2820 iuniore
258 2753 352 2833 bano,
389 2771 448 2818 nec
479 2769 541 2817 non
572 2751 772 2818 serenissima
801 2750 938 2834 domina,
974 2749 1100 2815 domina
1131 2747 1253 2815 Helena
1286 2749 1449 2831 genitrice,

113 2839 223 2906 nous
246 2839 427 2922 carissimis,
461 2836 684 2904 sanabilibus
715 2842 799 2904 terre
829 2843 935 2904 nostre
964 2835 1106 2902 unanimi
1137 2841 1169 2901 et
1195 2835 1262 2918 pari
1286 2834 1451 2900 uoluntate

112 2945 247 3008 musque
270 2931 302 2991 et
324 2931 449 2992 maturo
473 2923 604 2992 consilio
627 2943 664 2992 sc
685 2924 806 2991 salubri
828 2923 1058 2990 deliberacione
1080 2921 1164 2988 inter
1186 2940 1242 2986 nos
1264 2920 1450 3005 prehabitis,

113 3012 230 3096 prelato
253 3013 381 3079 domino
403 3012 550 3095 episcopo
581 3016 648 3076 mm
678 3030 735 3095 pro
764 3011 831 3078 suis
853 3009 1000 3076 fidelibus
1026 3008 1168 3075 seruiciis
1191 3013 1224 3074 et
1245 3008 1451 3074 seruioiorum

114 3101 204 3181 digne
227 3099 358 3180 meritis,
381 3115 476 3179 quam
499 3096 599 3166 eciam
621 3115 678 3179 pro
700 3097 840 3163 remedio
864 3102 896 3162 et
918 3095 1021 3162 salute
1037 3101 1216 3162 nostrarum
1232 3114 1269 3160 ac
1284 3099 1451 3176 parentum

115 3193 144 3252 et
171 3185 427 3270 predecessorum
458 3191 637 3251 nostrorum
668 3185 854 3262 animarum,
885 3188 981 3266 atque
1010 3183 1052 3249 ad
1080 3181 1205 3248 laudern
1237 3187 1269 3246 et
1299 3181 1451 3246 bonorem

116 3273 361 3340 beatissimorum
392 3272 479 3338 Petri
509 3277 543 3336 et
572 3269 663 3338 Pauli
694 3270 919 3354 apostolorum,
951 3269 984 3335 in
1017 3287 1151 3350 quorum
1183 3269 1334 3334 honorem
1365 3267 1452 3333 dicta

116 3359 240 3426 molesia
252 3359 387 3426 Boanen.
404 3358 536 3426 mndata
548 3357 666 3444 existit,
682 3358 818 3425 maxime
833 3362 938 3424 autem
951 3361 983 3422 et
995 3355 1185 3440 specialiter,
1199 3355 1274 3437 quia
1285 3351 1452 3436 solempni-

116 3451 195 3513 tates
217 3451 396 3513 nostrarum
419 3445 600 3529 nuptiarum
631 3444 665 3509 in
696 3445 893 3526 possessione
923 3443 1006 3510 dicte
1029 3441 1169 3522 ecclesie,
1193 3461 1254 3524 que
1277 3441 1453 3523 uulgariter

118 3531 267 3600 Zeutbilie
290 3538 499 3616 nuncupatur,
530 3550 602 3615 ymo
628 3550 704 3598 vero
735 3531 818 3614 apud
850 3531 982 3597 eandem
1012 3530 1118 3596 sedem
1142 3527 1347 3611 solempniter
1370 3525 1452 3592 cele-

117 3619 202 3686 brate
228 3619 475 3685 extiterunt...
499 3624 533 3684 et
554 3617 775 3685 retribucionis
806 3617 951 3684 brauium
982 3617 1086 3683 facere
1109 3615 1273 3698 cupientes
1295 3613 1453 3696 quandam

118 3706 348 3788 passionem,
383 3703 568 3772 Jelsauicha
600 3710 754 3783 vocamm,
788 3705 821 3770 in
855 3703 1056 3786 pertinenciis
1089 3702 1295 3786 possessionis
1329 3701 1452 3784 prefate

119 3791 242 3860 ecclesie
263 3792 401 3857 Bouron.
423 3791 592 3858 Dubnicba
615 3789 774 3872 appellate
799 3791 996 3858 adiacentem
1019 3807 1090 3856 cum
1113 3789 1256 3854 omnibus
1278 3789 1344 3854 suis
1367 3785 1452 3852 utili-

119 3880 241 3950 tatibus,
264 3877 415 3944 uidelicet
445 3881 540 3945 terris
570 3878 753 3962 arabilibus,
785 3877 885 3962 siluis,
908 3875 1017 3960 pratis,
1041 3877 1133 3956 aquis
1158 3881 1190 3941 et
1212 3876 1394 3940 nemoribus
1416 3892 1453 3938 ac

121 3964 304 4047 qmbuslibet
325 3965 529 4048 pertinenciis
551 3965 690 4031 eiusdem
721 3965 876 4030 universis
898 3963 1114 4046 prenominato
1137 3963 1220 4027 dicto
1245 3964 1348 4042 Petro,
1372 3961 1453 4042 epis-

121 4047 1454 4220 tumtitbdtttlillidiusbttttltdutttit'reuelli

160 4191 277 4293 rendam
293 4234 326 4292 st
348 4225 534 4310 habendam,
558 4226 666 4308 vigore
689 4226 887 4308 presencium
909 4225 1074 4290 literarum
1090 4227 1267 4288 nostrarum
1284 4183 1453 4300 mediante:

164 4309 234 4377 lum
254 4312 313 4393 ius,
337 4310 498 4377 nullamne
520 4312 746 4394 proprietatem
776 4313 889 4378 amodo
912 4315 944 4377 et
966 4310 1114 4393 deinceps
1147 4309 1236 4374 nobis
1263 4312 1295 4373 et
1318 4307 1454 4390 cuipiam

160 4399 206 4464 eri
228 4398 259 4465 in
280 4399 391 4466 eadem
413 4404 623 4464 reseruantes.
654 4399 691 4463 In
715 4397 804 4465 cuius
834 4399 880 4464 rei
903 4397 1087 4464 memoriam
1110 4395 1325 4479 premisseque
1347 4401 1454 4458 nostre
1549 4463 1555 4471 ,

160 4484 291 4552 nacionis
314 4483 496 4551 firmitatem
528 4491 713 4569 perpetuam
741 4487 905 4567 presentes
936 4483 1145 4550 concessimus
1175 4481 1300 4548 litteras
1332 4487 1455 4546 nostras

160 4571 326 4658 irilegiales
348 4571 522 4660 pendentes
545 4577 578 4638 et
600 4572 746 4640 autencia
768 4570 863 4654 sigilli
888 4569 988 4637 nostri
1010 4569 1182 4636 munimine
1204 4568 1378 4634 roboratas.
