3410 5258
238 301 306 384 ιιι

238 505 326 576 diste
347 495 517 592 sequentes
538 527 601 574 non
622 507 789 590 destituit,
819 508 1030 593 cuiuscunque
1060 507 1236 594 dignitatis,
1259 511 1375 591 status,
1402 505 1452 576 vel
1476 504 1585 574 eondi-
1701 505 1702 510 ’

240 595 336 662 tionis
357 596 481 675 enatat,
504 595 694 666 sentantiam
717 597 1047 666 excommunicationis
1068 597 1218 675 incurrat,
1241 616 1261 663 a
1282 614 1355 678 qua,
1377 594 1517 678 nisique
1532 592 1585 677 pie

240 683 433 766 disposueris
466 688 499 751 et
531 683 737 764 ordinaveris,
771 690 807 750 ut
839 689 975 766 tenetur,
1008 683 1193 767 impleverit,
1223 688 1256 750 et
1279 682 1319 749 ab
1341 683 1426 751 omni
1448 679 1582 764 impedi-

128 827 131 830 .
240 775 347 837 mento
370 775 403 838 ot
423 770 570 839 molestia
591 771 763 838 cessaverit
785 789 857 838 aum
878 770 992 839 effecto
1014 772 1055 840 ab
1078 769 1150 851 alio,
1167 787 1261 853 quam
1276 787 1405 837 romano
1419 765 1582 852 pontifics,

240 861 443 940 preterquam
464 857 498 924 in
519 857 632 925 mortis
653 858 787 926 articulo
810 861 1009 940 contutatus,
1032 876 1134 941 neque
1163 857 1370 925 absolutionis
1392 853 1582 922 beneficium

239 943 393 1011 obtinere.
415 945 486 1010 Non
508 946 655 1013 obstante
677 947 705 1012 si
727 946 895 1014 heredibus
911 951 944 1012 et
965 946 1198 1012 successoribus
1219 963 1257 1011 ac
1278 944 1430 1028 obligatis
1452 947 1487 1009 et
1508 940 1583 1006 aliis

239 1029 483 1114 impedientibus
504 1033 655 1115 predictis
677 1031 730 1100 vel
751 1033 916 1116 quibusvis
930 1033 1002 1101 aliis
1024 1033 1231 1100 communiter
1252 1029 1305 1097 vel
1326 1031 1453 1097 divisim
1468 1049 1490 1094 a
1503 1026 1582 1095 sede

240 1119 413 1203 apostolica
434 1118 593 1186 indultum
621 1121 746 1206 exismt,
774 1122 857 1203 quod
878 1119 1033 1200 interdici,
1056 1119 1214 1202 suspendi,
1241 1117 1293 1185 vel
1315 1115 1580 1184 excommunicari

240 1206 445 1290 nonpossint
467 1225 524 1291 par
545 1207 670 1274 litteras
699 1206 888 1290 apostolicas
919 1227 980 1274 non
1009 1207 1161 1274 iacientes
1182 1206 1310 1288 plenam
1331 1210 1364 1270 et
1386 1221 1582 1286 exprmsam,

240 1310 279 1360 aa
300 1294 341 1360 de
362 1295 459 1362 verbo
481 1295 674 1362 adverbum
696 1295 735 1362 de
757 1295 881 1362 indulto
903 1295 1083 1362 huiusmodi
1105 1295 1296 1360 mentionem
1312 1298 1345 1358 at
1358 1290 1503 1374 qualibet
1518 1288 1586 1355 alia

241 1380 325 1448 dicte
346 1381 433 1448 sedis
453 1380 651 1466 indulgentia
675 1382 816 1466 genuali
845 1381 896 1449 vel
918 1381 1049 1466 speciali
1074 1382 1287 1462 cuiuscunque
1309 1379 1430 1446 tenoris
1451 1377 1583 1456 exinat,

240 1482 297 1550 par
319 1485 414 1551 quam
435 1469 635 1552 presentibus
658 1489 720 1536 non
742 1488 923 1553 expressam
948 1469 999 1537 vel
1020 1467 1164 1536 totaliter
1185 1487 1247 1536 non
1269 1463 1582 1534 inseriamaileotus

241 1573 351 1622 aarum
371 1555 519 1640 impediri
540 1553 646 1624 voleat
668 1556 912 1639 quomodolibet,
934 1556 986 1624 vel
1008 1556 1136 1638 differri,
1160 1561 1193 1623 et
1214 1557 1254 1622 de
1268 1574 1332 1638 qua
1347 1554 1501 1634 cuiusque
1516 1557 1587 1617 toto

241 1645 352 1710 tenore
373 1643 518 1710 habenda
539 1645 582 1710 sit
604 1643 636 1709 in
670 1646 787 1712 nostris
808 1645 925 1712 littoris
946 1645 1065 1711 mentio
1086 1642 1242 1727 specialis.
1271 1641 1360 1708 Nulli
1382 1659 1460 1723 ergo
1482 1637 1586 1705 homi·

241 1745 316 1798 num
338 1734 397 1796 etc.
421 1728 552 1813 Siquis
572 1737 678 1798 autom
707 1735 765 1798 cto.
790 1733 908 1798 Datum
929 1732 1029 1798 Roma
1057 1733 1140 1815 apud
1162 1751 1188 1797 s.
1212 1729 1353 1796 Marcum
1377 1745 1463 1794 anuo
1485 1728 1587 1791 incar·

241 1816 378 1884 nationis
401 1817 576 1886 dominicae
597 1817 765 1885 millesimo
787 1819 1097 1902 quadringentesimo
1112 1817 1307 1900 sexagesimo
1323 1815 1469 1897 septimo,
1486 1813 1585 1880 tertio

241 1903 363 1970 decimo
384 1903 536 1973 kalendas
558 1903 646 1986 Julii,
670 1905 870 1989 pontificatus
892 1908 992 1974 uostd
1014 1925 1095 1974 anno
1118 1905 1222 1971 tertio.
1245 1902 1273 1969 A
1295 1905 1335 1971 da
1357 1902 1493 1968 Vrbino.

306 2007 350 2062 Ex
367 2007 492 2078 arigim
509 2008 538 2062 in
555 2009 672 2064 tabular.
690 2013 816 2065 convent
835 2009 910 2064 fratr
928 2009 1026 2064 minor.
1043 2008 1169 2063 irratam.
1188 2007 1217 2062 ln
1236 2005 1357 2062 Oresta

565 2147 759 2216 MGXXVII.
786 2148 878 2234 1417,
902 2150 921 2220 t
944 2149 1096 2236 Augusti,
1119 2147 1249 2220 Βιιιιι.

250 2335 253 2341 ,
308 2270 426 2338 Paulus
447 2270 509 2337 ΡΡ.
532 2267 573 2336 Il.
597 2269 707 2339 laudat
729 2271 844 2340 iratres
864 2273 1012 2353 minores,
1032 2271 1104 2356 ,qui
1126 2269 1262 2354 publicis
1283 2265 1532 2353 praedicationis
1554 2267 1589 2330 ot

244 2358 375 2424 secretis
397 2358 594 2426 suasionibus
617 2364 649 2425 et
671 2357 743 2426 aliis
765 2359 899 2427 diversis
921 2361 1033 2428 mediis
1055 2357 1205 2444 populum
1228 2362 1261 2423 ot
1275 2355 1435 2422 incolae..
1452 2405 1459 2420 .
1477 2351 1588 2436 oppidi

243 2443 370 2530 (laice),
393 2453 429 2511 ut
457 2444 584 2513 cosdem
611 2445 730 2514 Turnat
752 2445 826 2514 inde
853 2447 1003 2514 eiicerent
1020 2499 1027 2512 .
1045 2497 1076 2514 ..
1100 2451 1156 2512 ct.
1176 2491 1210 2511 ..
1233 2443 1386 2510 Mathiam
1496 2439 1588 2504 Hun-

242 2532 330 2614 garis
354 2550 464 2615 regem
479 2583 487 2598 .
505 2583 538 2600 ..
562 2533 595 2598 in
617 2551 725 2600 eorum
749 2533 922 2600 dominium
945 2535 1122 2619 reciperent
1137 2582 1144 2596 .
1161 2535 1210 2597 ..⁸¹
1229 2535 1381 2614 egemnt3
1401 2530 1452 2610 ,in
1468 2527 1588 2610 quibua

241 2618 357 2770 flagrris
378 2618 470 2686 multi
496 2619 593 2687 etiam
614 2637 653 2686 ex
675 2619 787 2687 iisdem
809 2620 961 2690 boninus
983 2622 1155 2706 perierunt,
1183 2623 1216 2686 at
1237 2623 1397 2702 quatuor.
1415 2667 1449 2682 ..
1473 2614 1588 2682 crudo

256 2705 362 2772 'saimo
383 2707 527 2790 martyrii
552 2707 706 2791 supplicio
728 2708 859 2778 dodina

309 2793 401 2860 Votis
423 2793 567 2861 Domino.
586 2843 592 2857 .
608 2843 614 2856 .
631 2794 705 2863 Dat.
728 2793 847 2863 Romm
870 2796 953 2880 apud
968 2815 993 2864 s.
1010 2794 1154 2862 Marcum
1168 2811 1219 2860 an.
1235 2790 1440 2860 incarnation.
1456 2786 1589 2855 Domiu.

243 2903 431 2948 noooomrn
454 2906 476 2948 v
495 2881 568 2948 idus
590 2881 734 2965 Augusti,
757 2902 806 2950 an.
829 2908 874 2950 m.

306 2981 376 3054 Reg.
393 2984 475 3040 vatio
493 3001 537 3040 an.
555 2984 610 3040 111.
628 2983 688 3040 libr.
706 2985 730 3041 Ι.
747 2983 795 3044 iol.
814 2987 872 3042 189.
896 2985 1046 3056 Waddr'np:
1066 2984 1166 3040 Amnal.
1185 2983 1283 3038 minor.
1301 2987 1368 3036 tom.
1386 2977 1471 3045 xm,
1485 2993 1513 3050 p.
1525 2977 1590 3033 toa

547 3123 752 3192 MUXXVIII.
779 3123 870 3210 1467,
895 3125 935 3195 lb
956 3123 1112 3206 Octobris,
1137 3123 1286 3211 Ragusil.

307 3245 404 3314 Balla
425 3245 489 3314 dux
509 3265 536 3314 s.
559 3247 671 3329 Sabae,
694 3247 779 3314 filius
800 3248 889 3318 ducis
905 3248 1077 3333 Vlodisavi,
1098 3247 1218 3316 tutatur
1232 3265 1268 3314 se
1284 3265 1304 3313 a
1318 3242 1478 3315 communi
1492 3257 1591 3324 ragu-

242 3331 313 3401 sino
334 3339 437 3402 certm
458 3351 598 3402 summas
620 3335 808 3420 percepisse.
1128 3347 1133 3355 '

305 3435 356 3492 Dr.
373 3437 424 3494 Fi.
442 3435 587 3496 minorat:
606 3437 731 3494 Μοιιιιιιι.
750 3437 847 3494 serbic.
865 3456 892 3510 p.
910 3437 1023 3495 tot-3.

699 3577 875 3645 MOXXIX.
901 3576 1124 3648 tuot-1470.

308 3696 434 3783 Vlatlso,
456 3699 518 3767 dux
541 3719 565 3765 s.
596 3699 698 3770 Sabae
721 3702 842 3770 eteius
876 3701 975 3770 irater
998 3701 1179 3788 Stephanus
1200 3697 1353 3774 latentur,
1377 3693 1489 3779 quales
1513 3711 1591 3762 nam

244 3803 384 3854 summas
405 3787 603 3872 perceperint
625 3809 644 3854 a
666 3790 823 3857 communi
843 3791 993 3874 ragusium
1015 3809 1033 3856 e
1055 3789 1199 3874 deposito
1222 3788 1312 3856 ducis
1335 3783 1501 3868 Stephani.

306 3887 356 3946 Dr.
373 3892 422 3944 Fr.
443 3889 583 3948 mutat:
602 3890 728 3948 Monam.
746 3891 817 3948 norb.
836 3909 864 3964 p.
881 3892 993 3949 not-3.

567 4031 725 4099 mom.
751 4029 844 4114 1468,
870 4031 908 4102 13
931 4031 1098 4116 ianuarii,
1122 4031 1252 4102 Romae.

244 4145 369 4217 Paulus
390 4149 456 4217 ΡΡ.
479 4151 527 4218 II.
550 4157 691 4238 episcopo
719 4155 860 4240 chlenai
883 4163 910 4220 et
940 4155 1207 4240 archipresbytero
1238 4151 1382 4233 Arborei,
1414 4156 1451 4216 ut
1482 4147 1593 4230 rapot·

244 4244 328 4317 rant,
351 4257 395 4302 ora
416 4237 585 4324 Martinus,
608 4262 705 4308 comeo
727 4242 765 4307 do
789 4241 1056 4328 stomepnnibus,
1087 4263 1109 4310 a
1137 4242 1256 4308 vicario
1276 4237 1420 4326 permoti
1450 4235 1593 4322 episcopi

244 4323 458 4408 suprodicneis
479 4327 516 4392 ob
538 4329 706 4411 denegatos
728 4329 873 4416 ἅιιίιιιαι,
896 4337 930 4395 ui
953 4329 1080 4406 dieitur,
1116 4331 1196 4395 trote
1225 4329 1269 4394 sii
1298 4323 1588 4392 excommunicatus

583 4435 639 4480 nec
661 4436 708 4502 ne,
738 4425 766 4481 et
787 4424 886 4484 cetera
909 4437 946 4483 aa
967 4419 1035 4482 iure
1057 4415 1235 4486 dewnuni.

313 4514 431 4584 Paulus
461 4516 625 4601 episcopua
657 4537 767 4586 servus
799 4539 963 4588 servorum
1000 4519 1069 4586 Dei.
1104 4519 1286 4588 Venerabili
1313 4518 1408 4586 naui
1439 4515 1589 4602 episcopa

247 4601 389 4686 Veglien.
412 4610 445 4672 et
466 4603 583 4672 dilecto
604 4605 669 4672 tilio
690 4605 962 4691 archipresbytero
982 4605 1114 4674 ecclesie
1136 4606 1288 4675 Arbonsis
1306 4604 1445 4673 salutm
1461 4610 1496 4672 st
1512 4621 1588 4687 apo-

247 4687 389 4758 stolicam
418 4692 680 4764 benedictionem.
711 4692 891 4762 Humilibus
915 4693 1092 4780 supplicum
1126 4695 1208 4763 votis
1236 4693 1375 4763 libenter
1410 4691 1590 4774 aunuum,
