3428 5256
177 517 277 587 Sacre
299 519 472 605 religionis,
495 521 555 590 sub
577 540 640 604 qna
670 521 838 590 mundanis
868 520 1000 590 abiectis
1022 519 1181 590 illecebris
1203 539 1274 589 cnm
1297 521 1460 592 additione

113 604 294 674 voluntarie
323 609 521 692 paupertatis
550 609 687 676 Domino
717 610 750 676 in
780 609 934 676 virtmum
960 607 1139 676 hnmilitate
1166 608 1317 676 devotum
1339 609 1456 695 impon-

112 693 188 760 ditis
212 699 245 760 at
268 694 414 762 sedulum
437 695 537 762 eciam
559 695 699 764 levorem
714 695 786 764 fidei
806 694 961 764 catholice
982 693 1180 778 famulatum,
1202 697 1317 764 marita
1334 715 1458 779 prome·

111 785 237 861 rentur,
259 785 297 848 ut
320 781 493 866 apostolica
513 781 606 850 eadee
628 802 684 851 roe
705 783 866 850 favoribus
882 783 1027 866 benignis
1042 781 1206 850 confoveat
1221 787 1253 849 et
1267 782 1458 865 specialibus

110 866 228 948 gratiis
249 873 460 951 prosequatur
482 869 515 934 in
536 869 602 937 illis
624 871 801 956 presertim,
824 889 881 952 per
900 888 962 952 qne
978 868 1055 936 fides
1070 869 1140 953 ipse
1155 869 1325 952 amplietur
1340 889 1458 954 vosque

111 952 164 1032 pie
189 954 257 1020 vite
280 957 386 1022 studio
407 955 497 1022 robis
519 956 597 1040 ipsis
620 961 652 1024 et
674 957 746 1024 aliis
769 958 810 1024 ad
840 957 1016 1024 animarum
1039 955 1175 1022 salutm
1197 955 1348 1040 prolicere
1370 957 1457 1024 vale-

110 1038 199 1106 bitte.
221 1038 431 1109 Attendentos
445 1043 552 1124 igitur,
569 1043 653 1126 qnod
669 1062 734 1128 ros,
749 1043 917 1127 presertim
932 1043 966 1110 in
981 1043 1123 1125 partibus
1138 1043 1455 1127 septemtrionalibus,

109 1124 266 1194 bonorem
289 1133 321 1194 et
342 1129 604 1212 propagacionem
627 1129 800 1197 Christiani
822 1131 957 1198 nominis
979 1129 1149 1212 diligenter
1171 1147 1209 1198 ac
1230 1128 1368 1197 fideliter
1384 1131 1457 1198 bac-

109 1218 207 1281 tenus
229 1217 390 1298 prosecuti
411 1216 498 1296 estis,
529 1216 562 1282 in
584 1217 653 1283 dies
679 1216 915 1301 prosequimini,
948 1217 1048 1283 eciem
1077 1218 1110 1283 in
1134 1214 1280 1299 Scythiae
1302 1217 1455 1302 partibus,

109 1297 142 1365 in
165 1301 286 1384 quibus
307 1321 502 1386 pagenmum
524 1301 693 1370 multitudo
720 1303 871 1386 consistit,
895 1304 936 1370 ad
959 1321 1038 1385 quas
1060 1307 1176 1386 partes,
1199 1301 1322 1370 suffulti
1346 1305 1456 1370 autho

109 1386 210 1454 ritate
224 1387 408 1474 apostolice,
431 1408 489 1472 pro
511 1389 712 1458 lucrificando
735 1390 858 1459 enimes
880 1395 913 1457 et
934 1388 1159 1456 inumerabiles
1180 1389 1313 1473 populos
1335 1392 1457 1472 gremio

110 1481 224 1540 sancte
246 1493 376 1542 romane
398 1475 530 1544 ecclesie
551 1477 713 1559 uniendos,
737 1478 814 1544 dum
835 1481 961 1560 tempus
984 1476 1125 1544 extiterit
1140 1482 1359 1560 opportunum,
1375 1478 1457 1544 sicud

111 1560 303 1642 accepimus,
326 1562 411 1630 omni
433 1564 608 1647 postposito
630 1564 743 1630 timore
765 1563 902 1631 libenter
922 1563 1097 1644 intenditis,
1118 1583 1175 1630 seu
1191 1564 1288 1645 aliqui
1313 1569 1456 1631 nestrum

110 1645 283 1714 intendunt
307 1647 472 1731 proficisci,
495 1655 529 1717 et
557 1649 590 1716 in
621 1649 791 1733 Moldauie,
814 1649 984 1734 inquibus
1010 1655 1075 1718 tam
1098 1669 1117 1718 a
1139 1649 1244 1732 longis
1267 1649 1339 1734 (sic)
1363 1651 1457 1734 posti-

112 1732 221 1800 lerum
242 1735 329 1804 virus
351 1736 539 1819 schismatis,
563 1737 646 1819 quod
678 1738 781 1804 adbuc
809 1736 978 1804 nonnullos
1000 1737 1130 1803 illarum
1151 1738 1290 1820 partium
1311 1736 1455 1819 populos,

112 1819 166 1904 qni
191 1823 233 1890 ad
255 1839 385 1889 romane
407 1821 540 1890 ecclesia
569 1824 724 1891 unitatem
754 1843 855 1907 nuper
883 1824 1055 1904 redierunt,
1088 1821 1215 1890 inficere
1241 1842 1304 1889 uon
1327 1823 1455 1905 desinit,

111 1925 220 2060 th
233 1909 393 2062 utut
406 1910 1320 2080 tt-ttlttitttlttttitlttrttttttttt
1342 1909 1455 2079 lut·

110 2079 252 2164 plurime
275 2083 493 2164 germinarunt
514 2102 662 2168 perversa
691 2085 842 2167 germine,
873 2102 935 2168 que
964 2084 1082 2168 dietim,
1104 2083 1165 2150 nisi
1187 2083 1322 2167 desuper
1344 2101 1454 2166 oppnr-

112 2173 189 2234 tune
213 2169 429 2252 prouidentur,
453 2169 664 2238 abundantius
682 2177 888 2252 succrescent,
910 2189 948 2237 ac
969 2171 1002 2236 in
1024 2177 1146 2252 septem
1168 2169 1320 2236 sedilibus
1335 2168 1455 2236 Siculo-

110 2272 183 2320 rum
206 2256 363 2338 partibns,
384 2257 417 2322 in
440 2257 554 2340 quibus
575 2255 652 2324 licet
673 2256 813 2325 heretice
835 2257 1005 2341 prauitatis
1027 2257 1124 2338 pestis
1141 2256 1317 2323 huiusmodi
1333 2256 1456 2324 notorie

110 2359 175 2408 uon
198 2349 344 2428 apparet,
367 2349 496 2426 propter
517 2349 625 2410 minen
648 2343 932 2412 ecclesiasticarum
953 2361 1159 2427 personarum
1182 2361 1256 2409 cure
1278 2343 1455 2410 animarum

109 2427 280 2495 intendere
301 2429 483 2496 debentium
504 2429 696 2514 paucitatem
714 2448 773 2498 nec
794 2450 857 2497 non
879 2431 1050 2498 diocesinm
1065 2429 1195 2496 nimiam
1210 2429 1396 2496 distantiam
1411 2430 1452 2498 ab

110 2514 236 2582 eisdem
258 2514 384 2600 populis
405 2517 496 2599 quasi
518 2517 660 2584 doctrine
681 2515 825 2600 fideique,
848 2535 920 2584 cum
941 2517 1060 2584 ibidem
1085 2517 1177 2600 pauci
1200 2515 1379 2596 admodum,
1402 2515 1455 2582 rel

110 2602 205 2684 quasi
228 2601 308 2668 nulli
330 2603 404 2686 sint,
427 2605 482 2686 qui
512 2603 578 2670 illis
607 2604 737 2672 verbnm
766 2605 957 2671 dominicum
979 2603 1179 2684 annuncient,
1206 2603 1239 2668 in
1262 2602 1329 2668 dies
1351 2603 1454 2685 magis

109 2689 292 2756 redduntur
313 2689 426 2775 ignari,
448 2709 505 2774 pro
528 2688 602 2758 fidei
623 2691 802 2758 huiusmodi
826 2709 882 2758 noc
904 2709 966 2758 non
988 2689 1089 2756 dicim
1112 2689 1215 2756 cultus
1237 2693 1270 2756 et
1291 2688 1454 2772 religionis

110 2781 285 2858 augmento
317 2775 471 2860 plurimos
501 2775 625 2844 labores
659 2783 692 2844 et
721 2777 827 2844 studia
859 2777 1020 2844 fructuosa
1049 2777 1231 2858 impendere
1253 2776 1398 2859 poteritis
1421 2782 1454 2842 et

109 2862 225 2930 libenti
247 2863 354 2930 animo
375 2863 573 2948 impendatis,
597 2871 633 2931 ut
656 2883 693 2932 eo
715 2863 888 2932 ferventius
909 2864 987 2945 ipsis
1009 2861 1170 2930 laboribus
1192 2869 1224 2929 et
1242 2863 1357 2930 studiis
1379 2864 1455 2930 insi-

110 2953 197 3016 stere
222 2949 364 3032 umentis,
394 2970 457 3033 quo
486 2970 541 3018 vos
571 2950 752 3033 apostolicis
780 2950 944 3017 fauoribus
973 2955 1006 3016 at
1035 2951 1147 3032 gratiis
1170 2949 1375 3032 amplioribus
1397 2969 1455 3034 per

109 3051 168 3103 nos
196 3044 231 3104 et
252 3037 361 3104 sedem
391 3038 566 3120 predictam
594 3039 744 3104 noveritis
775 3036 998 3118 circumtultos,
1026 3042 1058 3104 et
1087 3037 1266 3104 inherentes
1296 3037 1455 3104 nonnullis

108 3123 226 3205 gratiis
249 3127 283 3192 et
303 3123 434 3190 indultis
455 3143 512 3208 per
533 3142 591 3190 nos
613 3125 770 3206 quondam
793 3125 936 3196 Dionisio
958 3125 998 3190 de
1020 3122 1118 3206 Ujlalr
1134 3123 1232 3190 vestri
1247 3123 1366 3190 ordinis
1381 3143 1454 3206 pro-

109 3209 227 3278 fessori
250 3228 288 3278 ac
309 3211 342 3276 in
363 3211 457 3278 dictis
479 3209 615 3294 Scythie,
640 3210 800 3278 Moldauie
822 3230 860 3277 ae
882 3216 1003 3295 septem
1025 3210 1177 3278 sedilibus
1192 3208 1368 3276 Siculorum
1381 3229 1452 3292 par-

109 3297 200 3363 tibus
222 3297 393 3364 existentia
415 3303 448 3364 et
470 3316 531 3380 que
553 3298 586 3364 in
609 3305 770 3381 posterum
793 3303 894 3380 erunt,
917 3316 976 3364 nec
998 3316 1060 3364 non
1086 3297 1175 3364 Bude
1197 3301 1230 3362 et
1253 3297 1394 3362 Pesthini
1416 3315 1455 3364 ac

9 3421 11 3424 ·
108 3381 266 3467 chedim
288 3388 384 3466 atque
405 3383 480 3450 Fori
502 3383 697 3451 Siculorum¹
727 3394 760 3451 et
787 3384 919 3451 ubilibet
950 3384 1160 3464 consistente,
1182 3401 1244 3466 que
1265 3382 1454 3450 venerabilis

9 3551 10 3560 2
109 3469 214 3538 haten
237 3475 347 3537 noster
369 3469 516 3538 Julianus
538 3472 703 3554 episcopus
725 3471 909 3538 tusculanus
931 3471 964 3538 in
987 3471 1083 3537 certis
1105 3471 1248 3553 partibus
1270 3471 1353 3536 dicte
1369 3470 1454 3536 sedis

108 3554 240 3641 legatus
262 3557 351 3624 robis
367 3559 583 3640 assignaverat
592 3563 630 3625 ‘at
645 3559 678 3624 in
693 3564 855 3641 posterum
870 3557 1045 3640 assignabit
1059 3557 1166 3623 forsan
1181 3555 1254 3638 alia,
1271 3568 1453 3636 conventus,

9 3719 10 3722 Ἴ
109 3643 225 3712 domos
247 3661 285 3711 ac
306 3641 377 3710 loca
399 3644 476 3711 dicti
498 3645 618 3712 ordinis
640 3663 824 3728 quecunque
839 3651 872 3712 et
887 3643 1116 3726 qualiacunque
1134 3645 1206 3728 sint,
1224 3660 1295 3710 cnm
1310 3643 1455 3709 omnibus

108 3730 269 3813 personis,
292 3729 478 3814 priuilegiis,
508 3732 630 3815 gratiis,
651 3729 794 3812 indultis,
825 3731 947 3798 iuribus
970 3736 1004 3796 et
1025 3729 1224 3814 pertinentiis
1245 3730 1311 3796 suis
1333 3729 1455 3812 prefate

9 3893 10 3900 ἶ
110 3817 233 3884 vicarie
255 3817 502 3902 inperpetuum
522 3819 716 3899 subiicimus,
747 3819 874 3886 unimus
896 3823 929 3884 et
949 3817 1193 3899 incorporamus,
1216 3817 1263 3892 ita
1286 3815 1370 3897 quod
1392 3817 1456 3882 sint

9 3903 10 3974 Ξ
110 3905 204 3972 unita
226 3903 430 3990 incorporata
459 3909 494 3970 et
524 3906 676 3986 subiecta,
709 3924 746 3972 ac
775 3907 805 3970 in
836 3905 883 3971 eis
913 3922 972 3987 pro
1001 3909 1144 3986 tempore
1166 3906 1316 3987 degentes
1338 3901 1454 3969 iratres

109 3991 260 4058 omnibus
283 3995 315 4057 et
337 3987 471 4074 singulis
492 3991 743 4076 exemptionibus
757 3990 1018 4072 immunitatibus,
1034 3990 1220 4074 priuilegiis,
1236 3987 1453 4071 indulgentiis,

109 4079 237 4161 gratiis,
260 4075 404 4163 indultis,
426 4076 460 4144 ln
482 4081 586 4163 specie
608 4097 664 4146 seu
686 4079 720 4144 in
742 4097 857 4162 genere
886 4096 943 4160 per
965 4096 1023 4143 nos
1045 4075 1097 4144 rel
1118 4095 1175 4160 par
1197 4078 1304 4143 sedem
1327 4079 1453 4157 aposto-

108 4164 206 4234 ''cam
230 4164 303 4231 aliis
326 4163 472 4233 domibus
494 4175 527 4232 et
548 4164 626 4233 locis
648 4164 732 4232 dicte
761 4165 877 4232 noane
899 4165 1102 4248 ipsorumque
1128 4163 1280 4232 tratribus
1301 4161 1454 4230 hactenus

9 4257 11 4320 1
137 4251 351 4319 romodolibet
373 4252 513 4319 concessi
535 4271 592 4320 sen
615 4253 648 4319 in
670 4257 831 4336 posterum
842 4252 1049 4320 concedendis
1071 4255 1210 4334 utamur,
1233 4251 1395 4334 gaudeant
1417 4267 1455 4316 ac

147 4339 158 4404 i
181 4344 215 4405 et
237 4340 379 4422 gaudere
400 4338 530 4423 possint.
554 4337 704 4408 Necnon
727 4339 876 4406 dilectum
899 4337 998 4405 filium
1021 4337 1196 4406 Fabianum
1217 4339 1257 4404 de
1281 4337 1394 4404 Bathia
1417 4353 1454 4403 ac

137 4444 221 4492 anes
244 4429 279 4492 et
300 4423 443 4508 singulos
464 4425 566 4492 dictos
588 4427 721 4492 vicarios
743 4427 827 4493 dicte
849 4425 975 4511 nicene,
998 4426 1052 4508 qui
1074 4431 1283 4509 protempore
1307 4429 1399 4490 erunt
1421 4428 1455 4489 et

141 4513 218 4580 reis
239 4532 299 4597 pro
330 4517 472 4596 tempore
502 4512 701 4598 substitutos,
730 4519 797 4579 tam
826 4512 858 4578 in
881 4513 1041 4592 subiectis,
1072 4513 1169 4578 unitis
1191 4519 1224 4578 et
1246 4510 1454 4594 incorporatis

141 4601 263 4668 emaus
285 4617 382 4684 quam
404 4597 475 4666 aliie
497 4599 712 4679 conventibus,
735 4599 881 4666 domibus
903 4607 935 4664 et
957 4598 1034 4666 locis
1049 4599 1171 4682 pretate
1186 4598 1312 4680 vicarie,
1329 4603 1453 4664 nostms

9 4691 10 4694 ’
165 4705 383 4756 sucmmorum
405 4689 585 4756 nostrorum
606 4703 807 4754 romanorum
822 4683 1005 4770 pontificum
1020 4686 1167 4754 canonice
1182 4685 1377 4764 intrantium,
1398 4683 1453 4766 qui
