3428 5256
206 221 268 286 246

206 429 298 510 fides,
315 433 352 495 ut
366 427 479 496 heatus
496 426 604 498 Sirtus
619 432 822 515 predecessor
844 434 919 498 tous
940 431 975 496 in
997 449 1043 499 ca.
1060 447 1189 498 memor.
1206 433 1258 498 24.
1274 434 1303 496 9.
1321 431 1348 494 1.
1366 426 1422 507 ait,
1439 421 1564 492 nullam

205 534 348 599 unquam
380 517 539 584 haeresim
569 516 664 600 fovet,
696 520 753 586 sed
784 536 893 586 omnes
923 517 1050 600 quidem
1079 517 1210 585 hereses
1240 513 1385 592 destruit,
1408 509 1564 581 articulos

206 603 361 686 quosdam
385 621 545 685 erroneos,
570 605 684 686 quibus
707 605 837 688 quidam
860 606 1047 688 pestilentes
1065 603 1207 670 homines
1222 604 1393 687 dampnate
1407 597 1564 666 memorie

206 690 341 756 lohanis
374 689 460 756 Huss
490 691 665 774 impietatis
695 691 843 774 discipuli
875 709 1008 774 regnum
1039 690 1199 758 Moldarie
1229 708 1286 771 pro
1319 705 1438 768 magna
1469 689 1565 770 parte

207 777 500 844 contaminaverant
535 781 568 844 et
597 777 753 861 sacrilega
775 779 917 846 vanitate
940 781 1140 858 seduxerant,
1168 795 1206 844 ex
1227 774 1303 843 fidei
1325 779 1432 842 nostre
1455 772 1565 840 iucun-

207 863 307 930 vulsis
329 863 491 930 radicibus
513 864 632 932 faceret
663 866 827 948 reprobari
861 871 893 932 et
927 862 991 933 illis
1012 864 1195 944 transmitti,
1218 869 1255 930 ut
1275 859 1485 931 beatitudinis
1508 863 1566 926 tue

208 957 241 1018 et
263 948 436 1036 apostolice
458 951 544 1018 sedis
566 951 823 1037 irrefragabittis)
847 951 989 1020 doctrine
1013 951 1111 1018 armis
1134 949 1294 1036 precincti,
1313 948 1442 1016 illorum
1459 945 1566 1013 homi·

208 1055 285 1105 uum
308 1035 499 1122 perfidomm
522 1056 646 1106 errores
668 1047 702 1104 et
725 1038 934 1108 deliramenta
956 1037 1081 1106 facilius
1103 1038 1229 1106 domino
1246 1034 1425 1120 opitulante
1439 1032 1567 1118 possint

210 1147 230 1192 a
252 1125 497 1192 christianorum
520 1122 635 1192 finibus
657 1124 832 1210 repellere;
856 1126 1009 1193 sanctitas
1030 1130 1087 1192 tua
1102 1121 1283 1208 intelligens
1297 1141 1355 1208 pro
1370 1118 1567 1188 celsitudine

210 1213 261 1282 sui
284 1210 436 1295 pontificii
459 1229 522 1278 non
544 1211 630 1280 aliud
653 1213 715 1280 sibi
737 1211 843 1294 licere,
868 1231 963 1296 quam
986 1223 1022 1280 ut
1044 1230 1153 1280 omnes
1176 1215 1307 1278 conatus
1322 1226 1397 1277 suos
1411 1207 1442 1274 ei
1457 1224 1567 1287 cause,

209 1302 242 1365 in
265 1317 329 1380 qua
351 1297 540 1365 universalis
562 1298 693 1367 ecclesie
714 1297 802 1367 salus
824 1299 1002 1386 infestatur,
1024 1298 1198 1382 impendat
1223 1297 1311 1364 dedit
1327 1294 1415 1362 illico
1431 1293 1569 1362 manda·
1701 1301 1704 1390 ⁴.

209 1394 278 1453 tum
301 1385 390 1467 mihi,
413 1386 554 1452 eiusdem
577 1387 783 1456 beatitudinis
805 1385 918 1454 humili
934 1405 1034 1467 servo,
1050 1391 1086 1453 ut
1100 1384 1241 1468 prefatos
1256 1381 1407 1451 1111111111
1422 1381 1569 1448 breviter

210 1473 433 1556 improbarem,
457 1471 628 1555 adimpleui
652 1492 709 1556 pro
731 1474 889 1557 parvitate
910 1473 1030 1556 ingenii
1053 1473 1116 1540 mei
1138 1471 1315 1542 sanctitatis
1331 1475 1385 1537 tue
1400 1471 1567 1553 precepta,
1702 1473 1704 1558 1

212 1558 347 1640 singulis
369 1558 502 1640 triginta
524 1565 596 1626 octo
617 1559 762 1627 1111111111
785 1560 873 1628 iuxta
895 1579 1005 1628 eorum
1027 1559 1226 1642 impietatem
1248 1577 1287 1624 er
1310 1556 1384 1624 fidei
1406 1557 1571 1622 11111111
1702 1561 1704 1636 1

212 1652 394 1714 sanctorum
417 1651 545 1728 patrum
569 1646 771 1732 (doctrinam)
786 1647 986 1714 solidissimis
1007 1645 1222 1714 fundamentis
1248 1644 1427 1727 adiungens
1448 1643 1571 1726 impro·

211 1734 359 1802 bationes
380 1732 594 1814 brevissimas,
618 1752 680 1815 que
702 1734 785 1800 siout
808 1755 827 1801 a
849 1735 1048 1802 beatitudine
1073 1741 1131 1800 tua
1153 1731 1299 1799 1111111111
1320 1741 1379 1816 per
1400 1731 1571 1814 precepta·
1703 1735 1705 1768 ³

211 1821 292 1888 11111
317 1819 566 1901 dispositionem,
590 1820 637 1887 ita
659 1821 700 1888 ad
723 1821 856 1888 eandem
877 1826 1082 1888 reuertuntur
1104 1819 1313 1886 examinanda
1329 1823 1363 1884 et
1377 1815 1572 1897 corrigendo

212 1907 359 1982 maxime.
382 1905 458 1988 quia
488 1905 521 1972 in
552 1906 775 1976 festinantibus
806 1908 929 1976 nunciis
961 1909 1002 1977 ad
1031 1925 1192 1974 recessum
1216 1904 1319 1972 multa
1342 1909 1514 1971 currenter
1537 1905 1573 2002 11

214 2014 286 2062 cum
309 1993 447 2076 quadam
469 1991 633 2060 celeritate
654 1999 766 2063 notata
787 1999 870 2061 sunt.
895 1993 1054 2062 Sanctitas
1075 2013 1152 2077 ergo
1174 1998 1240 2076 tua,
1264 1992 1316 2059 cui
1332 1991 1435 2058 tocius
1458 1987 1573 2056 iudicu

215 2099 341 2150 summa
363 2079 505 2159 debetur,
529 2079 602 2148 illas
624 2081 764 2165 corrigat
786 2082 1004 2169 emendetque,
1020 2087 1057 2149 ut
1078 2080 1274 2150 correctione
1296 2084 1353 2146 tua
1374 2075 1574 2146 illustriores

218 2167 330 2236 effecte
351 2167 431 2233 item
453 2165 553 2234 fluant
574 2167 608 2233 in
631 2167 829 2236 edificatione
851 2169 935 2236 fidei.

281 2255 467 2336 Sequuntur
489 2255 728 2336 reprobationes
750 2257 887 2338 quedam
916 2256 1030 2324 breves
1053 2261 1094 2321 38
1117 2253 1325 2322 1111111111111
1347 2249 1572 2334 infrascripto·

213 2362 297 2424 rum,
319 2341 374 2424 qui
398 2341 546 2408 dicuntur
568 2361 637 2410 esse
659 2343 855 2424 Husitarum,
879 2343 933 2424 qui
955 2349 1030 2409 sunt
1052 2343 1084 2407 in
1106 2339 1279 2423 hloldauia,
1295 2339 1379 2408 lacte
1395 2357 1455 2423 per
1470 2336 1575 2404 domi·

216 2447 293 2496 num
316 2427 511 2494 cardinalem
533 2430 635 2496 sancti
658 2428 749 2496 Stati.

281 2515 408 2582 Primus
442 2514 605 2582 articulus.
637 2515 709 2583 Non
739 2515 890 2584 obediunt
919 2514 1052 2583 ecclesie
1082 2532 1211 2582 romane
1241 2531 1300 2582 nec
1340 2510 1436 2581 alicui
1471 2506 1577 2576 eccle-

216 2602 344 2670 siastice
366 2601 527 2684 potestati.

281 2689 445 2755 Secundus
467 2687 629 2755 articulus
651 2689 779 2768 Dicunt,
803 2691 888 2772 quod
918 2707 1032 2774 corpus
1054 2687 1172 2755 Ghristi
1195 2693 1229 2753 et
1251 2687 1383 2771 sanguis
1405 2688 1480 2768 post
1503 2679 1572 2750 111-

217 2775 379 2843 vationem
401 2775 575 2840 1111111111
597 2777 637 2842 ad
660 2777 871 2843 substantiam
893 2777 985 2860 panis
1007 2781 1041 2841 et
1062 2775 1128 2842 riui
1150 2773 1316 2842 naturalis.

282 2861 413 2962 Tertius
435 2859 599 2928 articulus.
631 2862 757 2947 Dicunt,
787 2863 872 2946 quod
902 2861 1035 2930 11111111
1067 2860 1155 2929 11111
1179 2859 1273 2928 modo
1295 2860 1391 2928 debet
1414 2875 1579 2942 quemque

218 2966 498 3017 excommunrcare.

282 3037 423 3116 Quartus
435 3033 588 3102 1111111111
599 3039 665 3102 est:
682 3036 785 3118 legem
796 3037 974 3120 positivam,
990 3039 1068 3118 puta
1079 3035 1219 3116 decreta,
1231 3032 1421 3118 decretales,
1433 3029 1577 3100 sanctio·

216 3143 274 3224 nes
286 3120 500 3275 .⁸{'⁰⁸.t⁰‹¹ii.⁰⁸.⁸²
523 3141 585 3188 uon
605 3122 761 3206 recipiunt
783 3123 924 3192 diceutes
938 3121 1119 3190 huiusmodi
1138 3120 1205 3189 lere
1219 3120 1253 3187 in
1275 3120 1422 3189 omnibus
1444 3123 1579 3186 coutra-

217 3229 296 3278 rran
332 3229 383 3291 egr
428 3227 524 3274 nume.

284 3297 421 3376 Quintus
443 3293 607 3363 articulus.
632 3295 750 3362 Dicunt
772 3295 894 3364 nullum
916 3295 1077 3364 hominem
1099 3295 1215 3375 dehere
1237 3293 1349 3364 occidi.

284 3383 398 3450 Sextus
430 3381 593 3450 articulus
626 3381 716 3460 Quod
746 3389 947 3452 matnmoma
977 3381 1165 3462 druorcraut,
1198 3382 1309 3450 dicunt
1331 3381 1418 3449 enim
1440 3383 1580 3462 propter

219 3469 431 3552 euangelium,
455 3470 539 3552 quod
562 3467 665 3535 solum
686 3487 721 3536 se
743 3469 829 3551 ipsos
844 3469 1003 3538 affirmant
1017 3470 1195 3551 observare,
1212 3469 1320 3537 omnia
1335 3487 1429 3552 posse
1441 3466 1579 3534 dimitti.

284 3556 445 3638 Septimus
457 3554 621 3622 articulus.
638 3555 753 3622 Omnia
767 3575 864 3640 opera
877 3555 1113 3624 misericordiae
1128 3561 1247 3640 negant
1262 3555 1406 3624 exhiberi
1420 3553 1578 3636 indignis.

284 3642 421 3710 Octavus
443 3642 606 3710 articulus.
637 3643 765 3724 Dicunt,
794 3641 915 3710 nullum
947 3661 1018 3710 esse
1047 3641 1245 3724 salvandum,
1277 3641 1340 3712 uisi
1370 3643 1405 3708 in
1428 3646 1521 3708 secta
1544 3645 1580 3706 et

217 3731 283 3798 ritu
312 3747 421 3796 eorum
451 3733 485 3795 et
516 3731 601 3812 quod
630 3734 799 3812 antequam
822 3748 930 3797 eorum
953 3735 1040 3798 secta
1064 3730 1271 3811 inueniretur,
1296 3747 1407 3798 omnes
1428 3727 1582 3794 homiues

219 3821 294 3884 sunt
315 3815 489 3898 dampnati.
514 3815 570 3896 (Et
592 3816 646 3898 qui
668 3815 701 3880 in
724 3835 833 3884 eorum
848 3867 856 3882 .
874 3867 882 3882 .
900 3819 921 3898 .)

284 3901 395 3968 Nonus
425 3900 588 3968 articulus.
620 3902 746 3985 Negant
776 3904 993 3986 purgatorium
1022 3907 1054 3969 et
1084 3902 1236 3986 suffragia
1268 3902 1493 3970 defunctorum
1519 3920 1579 3984 po·

220 3993 331 4055 nentes
353 3987 456 4054 solum
478 3987 541 4054 duo
563 3994 714 4070 extrema,
739 3989 843 4056 celum
864 3988 985 4058 scilicet
1007 3994 1040 4057 et
1060 3989 1226 4057 infamem.
1252 3991 1318 4057 Iste
1334 3986 1504 4070 mticulus,
1523 3987 1582 4071 qui

219 4076 282 4143 fuit
303 4075 514 4141 hereticorum
544 4073 761 4157 Valdensium,
784 4078 942 4159 quondam
965 4077 1062 4145 etiam
1084 4075 1269 4164 Grecorum,
1292 4081 1342 4144 est
1364 4093 1523 4143 erroneus
1547 4079 1582 4142 et

219 4159 381 4230 hereticus
402 4161 435 4226 in
458 4167 593 4243 utraque
615 4163 665 4228 sui
687 4167 789 4246 parte.
929 4181 931 4187 ·

286 4248 437 4314 Decimus
470 4246 634 4315 articulus.
669 4249 796 4330 Dicunt,
831 4251 914 4332 quod
947 4254 1146 4336 potestatem,
1181 4268 1277 4334 quam
1300 4249 1390 4317 dedit
1424 4246 1581 4316 Christus

220 4336 315 4404 beato
346 4333 454 4416 Petro,
485 4333 593 4400 nullus
624 4335 823 4402 sacerdotum
853 4336 958 4424 habet,
987 4356 1091 4420 neque
1113 4335 1260 4405 dominus
1283 4335 1489 4420 apostolicus,
1517 4334 1583 4401 nisi

221 4423 341 4490 habeat
363 4422 465 4489 uitam
486 4421 573 4488 beati
595 4421 692 4488 Petri.
716 4421 881 4490 Articulus
902 4423 963 4491 iste
985 4429 1034 4492 est
1056 4443 1207 4490 erroneus
1222 4430 1256 4492 et
1271 4425 1436 4492 hereticus
1450 4427 1486 4490 et
1501 4441 1581 4490 con

223 4511 412 4594 dampnatus
443 4507 628 4576 Ocustautie
657 4509 741 4576 inter
762 4528 886 4578 errores
907 4510 1062 4578 «Iohannis
1084 4509 1214 4578 Wicleff
1237 4515 1270 4578 et
1291 4511 1453 4580 lohanuis
1475 4509 1581 4596 Huss,

223 4596 279 4678 qui
302 4597 335 4662 in
357 4595 419 4662 istc
442 4613 549 4663 errore
572 4600 605 4662 11
628 4593 772 4678 pluribus
794 4595 866 4666 aliis
888 4599 988 4666 secuti
1010 4603 1085 4666 sunt
1105 4598 1263 4667 hereticos
1285 4596 1477 4668 valdenses
