3428 5256
230 310 295 384 260

504 515 705 586 nusum
734 514 827 598 1464,
851 515 870 588 7
893 515 1101 606 Septembris,
1124 516 1298 592 Poemenit.

230 655 366 734 Fratres
393 658 531 726 moerico
559 657 683 727 Bosrsoe
709 663 738 728 et
766 656 950 726 Dalmatiae
978 658 1013 724 irs
1042 657 1180 745 copitsio
1209 661 1396 746 corsprepoti,
1463 657 1569 726 arride

224 745 271 831 fr.
294 744 405 820 Marco
432 744 598 814 Bonorsiers.
622 749 738 814 sicario
758 744 900 832 generali
929 745 1060 828 ordinis,
1087 745 1242 834 recipiunt
1265 751 1294 812 et
1314 767 1397 834 appr
1436 749 1493 812 ont
1515 745 1571 812 de-

228 838 345 900 cretum
364 835 519 919 generalis
548 835 680 920 capitoli
711 833 896 899 Assisiensis
923 832 962 899 de
991 834 1104 898 ursione
1126 835 1261 898 vicariae
1284 831 1408 900 Bosrsce
1430 837 1460 900 et
1483 831 1566 898 Dol-

230 923 345 996 motioe
366 921 423 988 sset>
445 941 507 990 sno
529 923 689 1010 superiore
710 922 827 988 vicario
856 920 902 1004 fr.
926 917 1127 986 Bernords'no
1149 921 1310 1003 Aqoilcrso
1332 927 1387 990 etc
1408 941 1570 990 recenses·

499 1017 552 1076 tur
573 1012 702 1080 nomino
723 1007 879 1076 vocalium
900 1007 1032 1094 capitoli
1058 1006 1296 1076 Paemanierssie.

296 1145 461 1216 Universis
483 1152 517 1216 et
537 1147 671 1232 singulis
692 1148 725 1214 in
748 1147 875 1215 Christo
896 1147 1041 1231 patribus
1064 1149 1250 1217 venerandis
1272 1153 1307 1216 et
1324 1147 1438 1217 ceteris
1460 1147 1572 1218 naun·-

229 1236 290 1304 bns
311 1235 431 1302 ordinis
452 1236 609 1304 minorum
630 1237 671 1304 de
691 1235 893 1304 observantia
914 1234 1113 1318 presentibus
1139 1241 1172 1304 et
1193 1235 1309 1304 tuturis
1331 1241 1493 1318 presentes
1516 1235 1571 1302 lit-

229 1327 317 1392 teras
338 1324 534 1407 inspecturis,
565 1322 664 1392 irstsr
692 1323 840 1390 Marchus
867 1322 908 1390 de
939 1322 1091 1404 Bononia,
1115 1323 1255 1390 eiusdem
1281 1323 1400 1391 ordinis
1423 1343 1483 1390 nec
1506 1341 1573 1390 non

228 1410 484 1478 reverendissimi
507 1410 606 1496 patris
627 1409 796 1494 generetis,
820 1411 924 1492 quood
946 1408 1061 1478 iratres
1083 1409 1123 1478 de
1144 1409 1345 1478 observantis
1359 1416 1572 1496 nuncupatos,

229 1497 368 1580 partium
389 1497 655 1566 cismontsnarum
688 1495 824 1566 vicarius
855 1495 1013 1582 generalis
1035 1497 1218 1574 immeritus,
1245 1497 1379 1566 smutem
1402 1503 1436 1564 et
1457 1515 1573 1583 pacem

228 1583 263 1650 in
284 1584 419 1652 Domino
449 1586 683 1670 sempitemem.
714 1583 792 1652 Cum
824 1583 900 1651 olim
928 1584 1013 1650 inter
1042 1585 1121 1651 dues
1150 1583 1286 1653 similias
1309 1586 1429 1652 ordinis
1456 1585 1571 1670 nostri,

230 1671 417 1740 besuensem
438 1671 586 1739 videlicet
614 1677 648 1739 et
676 1669 891 1752 dalmatinam
923 1669 963 1736 iis
985 1671 1121 1754 quedam
1143 1677 1177 1738 et
1202 1672 1416 1741 controversis
1437 1677 1572 1756 propter

230 1757 481 1826 commixtionem
511 1758 732 1826 nonnullorum
765 1757 905 1826 locorum
934 1757 1091 1834 dictarum
1121 1757 1315 1827 familiarum
1343 1761 1475 1828 suborta
1497 1757 1570 1840 fuit,

229 1863 288 1912 nes
308 1864 447 1914 summos
467 1845 632 1930 pontifices
654 1864 711 1929 pro
733 1850 874 1929 tempore
896 1847 1067 1913 existentes
1088 1844 1190 1928 latuit,
1216 1847 1383 1915 recolende
1413 1846 1573 1914 memorie

229 1931 317 2016 Pius,
340 1951 421 2026 papa
441 1933 483 2000 11.
507 1933 556 2000 his
576 1932 670 2000 finem
700 1932 809 2000 volens
834 1933 996 2018 imponere
1025 1939 1058 1999 et
1079 1951 1188 2016 pacem
1214 1952 1252 2001 ae
1274 1933 1473 2002 concordiam
1497 1951 1573 2001 con-

230 2019 325 2104 terre,
355 2021 513 2104 quoddam
542 2021 638 2088 breve
668 2019 782 2088 direxit
812 2019 939 2087 vicmiis
969 2019 1110 2102 generali
1140 2025 1173 2088 et
1202 2021 1361 2104 provincie
1392 2039 1430 2088 sc
1453 2020 1573 2088 eeter'm

230 2105 393 2188 tratribus,
417 2107 449 2174 in
472 2107 610 2192 capitulo
632 2105 771 2190 generali
794 2108 935 2192 proxime
957 2105 1116 2176 oelebusto
1138 2107 1172 2174 in
1193 2113 1303 2176 ssncts
1327 2109 1430 2177 Maris
1444 2108 1485 2175 de
1504 2106 1571 2174 An·

230 2192 313 2278 getis
334 2199 424 2266 sxtrs
444 2194 600 2262 dssisium
621 2195 844 2278 congregetis¹,
868 2195 957 2262 ouius
972 2199 1062 2262 tenor
1076 2193 1150 2262 talis
1172 2200 1295 2263 estete.
1311 2193 1450 2282 (copiam
1464 2193 1573 2263 habeo

231 2281 315 2366 spnd
326 2283 400 2366 me).
419 2281 548 2350 Fratres
555 2301 630 2350 vero
641 2282 674 2348 in
686 2282 770 2348 diets
781 2280 919 2364 capitulo
930 2281 1112 2365 cengregeti
1124 2283 1273 2350 mmeato
1283 2283 1399 2350 summi
1410 2281 1573 2367 pontificis

230 2385 344 2454 perere
365 2369 507 2472 volentes
529 2371 779 2472 determinarunt
808 2386 905 2435 unam
934 2369 1126 2470 provinciam
1156 2367 1225 2436 fieri
1252 2369 1347 2438 etde
1369 2377 1476 2438 cetero
1499 2387 1573 2437 mss

227 2455 1574 2645 studimintttdttttit‘tssi'sustinetsustinet

227 2633 339 2697 tenore
360 2630 466 2698 merie
487 2631 702 2714 instituerunt,
724 2631 776 2698 eui
805 2648 865 2713 ego
885 2631 969 2698 vdem
991 2629 1091 2698 instet
1113 2630 1262 2700 Mmehns
1282 2649 1405 2698 omnem
1428 2631 1572 2700 sueton·

227 2721 327 2784 tatem
349 2723 382 2784 et
403 2716 588 2786 seculorem
610 2717 750 2785 concessi
771 2719 892 2804 pariter
913 2723 946 2784 et
968 2718 1119 2800 commisi,
1135 2718 1219 2786 sicut
1233 2724 1322 2803 petet
1335 2719 1368 2785 in
1383 2719 1573 2803 patentibus

226 2801 344 2872 litteris
366 2805 444 2872 meia
465 2803 615 2890 sigillatis
637 2813 670 2872 et
690 2803 882 2890 registestis.

291 2908 380 2979 Idem
409 2927 486 2976 vero
515 2909 652 2983 vices-ius
681 2907 781 2976 irater
809 2909 1024 2977 Bemsrdinns
1054 2909 1095 2977 sd
1120 2909 1294 2994 predictum
1316 2909 1512 2995 provinciam
1534 2929 1572 2980 aa

226 2995 391 3064 conterens
411 2995 604 3081 provinciale
619 2995 793 3082 capitulum
808 2997 972 3080 utriusque
987 2995 1104 3064 familie
1119 2997 1151 3063 in
1166 2996 1237 3064 loeo
1252 2997 1407 3078 Pssmani,
1423 2997 1573 3066 custodie

225 3085 328 3152 sancti
350 3081 543 3167 Hyeronimi,
566 3083 680 3151 ultime
701 3084 753 3151 die
767 3082 904 3166 Augusti
920 3084 1130 3168 congregavit,
1148 3086 1189 3152 ad
1204 3083 1288 3167 quod
1305 3090 1383 3152 nutu
1398 3085 1519 3173 divino,
1534 3089 1574 3152 ut

224 3175 309 3256 puto,
333 3169 469 3256 applicui
492 3175 526 3239 et
546 3170 580 3238 in
602 3172 711 3240 eodem
734 3189 794 3256 ego
816 3170 899 3238 idem
915 3188 1044 3254 presens
1059 3189 1096 3238 se
1110 3171 1276 3256 presidens
1290 3169 1346 3252 tui,
1370 3189 1443 3240 cum
1459 3177 1572 3240 temen

225 3258 423 3324 intenderem
444 3263 513 3326 toto
535 3255 652 3326 effectu
682 3256 822 3324 Siciliam
845 3257 1003 3341 navigans.
1026 3257 1063 3323 In
1086 3259 1146 3325 hoe
1174 3263 1281 3326 sutem
1304 3258 1443 3344 capitulo
1469 3257 1574 3326 tntis·

225 3343 345 3427 scripte
360 3343 570 3413 determinata
585 3350 659 3412 sunt
673 3347 713 3412 de
727 3349 854 3430 patrum
876 3344 1053 3428 voluntate3
1077 3345 1110 3412 in
1127 3364 1190 3428 quo
1212 3344 1399 3412 diffinitores
1422 3343 1574 3413 fuerunt:

223 3429 328 3498 freter
348 3429 523 3518 Phylippns
544 3433 585 3500 de
606 3433 756 3515 ngnsio,
778 3431 878 3500 freter
894 3431 1036 3500 Marinus
1051 3429 1092 3499 de
1107 3431 1250 3518 (torsula,
1265 3431 1365 3500 irater
1379 3431 1575 3501 aneiscus

228 3519 268 3586 de
290 3517 432 3602 nyaorie
453 3525 487 3586 et
515 3519 614 3586 irsteu
637 3519 782 3587 Messene
803 3519 844 3585 de
865 3517 1034 3602 Sibinicho,
1060 3519 1093 3585 in
1115 3519 1227 3604 primis
1248 3519 1405 3606 videlieet,
1422 3520 1509 3603 quod
1533 3539 1575 3588 ex

225 3605 396 3690 speeies·
426 3607 550 3674 duabus
570 3605 709 3690 familiis,
731 3605 893 3676 Dalmatia
914 3605 1036 3673 scilicet
1063 3611 1096 3673 et
1117 3606 1231 3686 Bosns,
1255 3625 1318 3673 uns
1340 3607 1505 3690 provincia
1526 3609 1576 3676 stt

224 3697 322 3776 atque
344 3697 479 3762 vocetur.
505 3693 586 3761 Item
608 3713 646 3759 ex
667 3693 811 3760 omnibus
832 3691 911 3759 loeis
932 3692 1008 3758 olim
1031 3693 1191 3778 provincis
1212 3693 1373 3762 Dalmatis
1394 3693 1574 3762 consumto

225 3783 301 3845 sunt
322 3779 385 3847 dne
414 3781 556 3847 custodie
585 3779 722 3847 scilieet:
752 3779 837 3862 Arbi,
867 3797 929 3862 que
960 3779 1056 3847 hebet
1081 3779 1186 3846 locum
1214 3780 1301 3865 urbi,
1328 3781 1431 3849 locum
1454 3780 1572 3867 usgue,

225 3863 331 3934 lesum
353 3865 479 3933 Robinii
502 3865 661 3933 stlocum
684 3867 826 3947 Pirreni;
848 3867 926 3933 item
948 3869 1090 3936 custodia
1111 3867 1252 3950 (isthmi,
1275 3869 1387 3951 inqua
1402 3869 1572 3936 continen-

220 3958 302 4020 tur:
325 3951 414 4020 locus
437 3951 577 4038 (isthmi,
607 3953 695 4021 locus
723 3952 869 4020 Antibari
891 3958 924 4020 et
945 3951 1033 4021 loeus
1058 3954 1179 4036 Alexii;
1201 3956 1344 4023 custodie
1366 3975 1442 4024 vero
1463 3955 1574 4024 saneti

226 4037 421 4124 Hyeronymi
443 4040 506 4108 ism
528 4039 584 4108 diu
605 4039 749 4108 institute
778 4039 978 4124 suprsaditus
1009 4047 1059 4108 est
1080 4047 1252 4110 conventus
1278 4041 1495 4128 Hysdrsnsis;
1518 4061 1577 4111 cu-

227 4126 332 4194 stodis
356 4125 467 4230 Stsgni
490 4127 697 4229 suprnsdditi·
715 4131 789 4195 sunt
816 4132 1005 4228 conventus:
1027 4129 1159 4231 Ragnsii
1185 4135 1219 4232 et
1239 4127 1327 4198 iosus
1348 4131 1456 4215 Deum
1479 4129 1575 4232 loeus

228 4214 839 4372 detinetdetinet
851 4214 1576 4388 tetititttvtiidftttfft

228 4385 371 4471 denum
394 4389 579 4470 peremnis
609 4388 691 4454 sicut
719 4387 795 4456 olim
822 4387 963 4470 sigillum
992 4389 1110 4458 viceris
1139 4391 1253 4473 Bosne,
1277 4391 1338 4459 nisi
1361 4391 1459 4476 (loco)
1484 4393 1575 4475 quod

228 4473 263 4542 in
284 4475 383 4556 brevi,
406 4474 439 4546 in
462 4493 525 4559 quo
548 4475 699 4559 scriptum
721 4482 770 4544 est
790 4473 931 4559 sigilium
952 4475 1069 4546 vicarie
1090 4478 1204 4562 Bosne,
1227 4479 1402 4550 scribetur:
1425 4477 1577 4563 sigillum

298 4689 306 4722 ¹
323 4683 445 4757 Gapitul.
462 4686 591 4756 generale
608 4686 707 4741 Assisii
724 4687 849 4744 habitum
867 4689 903 4746 20
920 4688 989 4744 utsii
1009 4690 1083 4744 1464.
