3406 5262
1398 282 1458 346 129

115 499 150 547 rc
171 499 357 549 comarvare
379 485 411 548 et
433 481 604 565 possidere,
628 501 725 564 super
747 501 809 566 qua
831 482 959 566 quidem
981 483 1206 551 constitutione
1229 484 1326 552 etiarn
1348 501 1458 553 omnes

114 567 232 636 nobiles
254 574 288 634 et
309 569 439 636 Kenesii
460 569 563 652 ipsius
592 569 772 654 provinciae
805 569 975 636 iuramenti
998 575 1197 638 sacramento
1219 570 1309 656 priua
1331 571 1372 638 ab
1396 572 1458 638 eis·

113 655 183 720 dem
206 660 318 722 exacto
339 655 493 738 requisiti,
522 656 605 724 sicut
633 655 748 738 ipsam,
779 661 815 724 ut
844 657 1053 740 praemissum
1084 667 1142 738 ost,
1166 656 1271 725 dictus
1299 657 1459 740 quondam

113 741 333 808 serenissimus
354 741 502 809 dominus
524 762 579 810 rex
608 742 787 810 Ludovicus
810 748 975 822 statuerat,
999 743 1091 810 nobis
1112 741 1239 826 plenam
1261 742 1357 810 fidem
1378 744 1462 812 fece

112 833 196 908 runt,
229 830 362 896 eandem
391 829 645 896 constitutionem
675 848 874 914 renovamus,
897 829 993 898 immo
1021 835 1055 896 et
1077 831 1117 896 de
1138 849 1221 897 novo
1243 831 1459 914 praesentium

112 912 249 982 facimus
275 934 333 1000 per
361 919 512 1000 tenorem,
544 914 690 982 similiter
719 921 897 984 statuentes
926 917 985 984 sub
1017 915 1153 996 decreto,
1177 922 1213 984 ιι
1234 916 1268 983 ιι
1291 919 1363 1002 ipsa
1385 935 1458 1002 pro·

111 1002 215 1068 vincia
237 1020 294 1069 seu
322 1007 390 1070 toto
420 1001 565 1070 districtu
597 1004 637 1070 de
660 1001 757 1069 Sebes
787 1003 905 1070 -nullus
928 1002 1010 1070 alter
1032 1003 1093 1070 nisi
1115 1021 1189 1070 vene
1212 1003 1395 1086 catholicus,
1419 1023 1457 1072 ac

111 1085 217 1176 fidem,
239 1107 333 1172 quam
355 1108 487 1156 romana
507 1093 595 1156 tenet
617 1094 650 1156 et
671 1088 837 1173 profitetur
859 1089 994 1157 ecclesia
1016 1089 1133 1172 colens,
1161 1090 1376 1175 possessiones
1400 1091 1458 1158 ali·

110 1193 190 1257 quas
213 1177 274 1242 sub
295 1175 390 1258 titulo
413 1174 587 1242 nobilitatis
610 1181 666 1244 aut
688 1178 747 1242 sub
770 1176 865 1244 titulo
886 1176 1043 1244 lreoesiali
1066 1182 1175 1245 tenere
1199 1177 1308 1260 possit,
1332 1197 1369 1246 ae
1384 1195 1457 1246 con·

109 1279 240 1328 servare
261 1267 293 1328 et
315 1263 486 1346 possidere,
509 1263 716 1330 decernentes
730 1281 787 1348 per
802 1282 986 1348 expressum
1001 1281 1038 1330 ac
1056 1263 1250 1348 generaliter
1264 1264 1456 1348 inhibentes,

109 1351 144 1414 ut
165 1347 275 1416 nullus
298 1349 450 1416 nobilium
480 1347 531 1416 vel
561 1349 770 1418 Koresiorum
799 1351 900 1434 ipsius
930 1351 1094 1418 districtus
1125 1351 1166 1418 de
1189 1349 1297 1430 Sebes,
1321 1351 1452 1436 presby·

108 1439 195 1502 toros
230 1435 446 1502 schismaticos
479 1455 536 1503 seu
568 1437 788 1520 presbyterum
821 1438 1056 1505 schismaticum
1088 1437 1173 1504 intra
1205 1437 1359 1505 terminos
1395 1449 1455 1506 ιιι

108 1519 238 1590 limites
253 1521 393 1589 eiusdem
415 1523 577 1591 districtus
599 1523 639 1590 de
662 1523 761 1591 Sebes
783 1523 899 1592 alicubi
921 1525 954 1590 in
981 1543 1039 1591 sua
1054 1524 1251 1608 possessione
1266 1543 1455 1608 quocunque

112 1613 143 1675 et
166 1608 381 1692 qualicunque
412 1607 505 1676 titulo
539 1611 642 1694 ipsum
671 1612 876 1694 contingenti,
907 1609 967 1678 sub
989 1630 1091 1694 poena
1116 1611 1302 1694 privationis
1323 1629 1455 1678 ιιιιιιι

109 1695 346 1779 possessionum
369 1700 477 1763 ιιιιιι
498 1693 604 1763 valeat
625 1703 683 1764 aut
703 1697 828 1780 fovere;
851 1702 883 1764 et
906 1697 933 1762 si
950 1698 1106 1781 quispiam
1122 1695 1275 1764 nobilium
1290 1695 1341 1764 vel
1356 1697 1455 1765 liene·

110 1781 232 1849 aiorum
254 1783 347 1850 huius
370 1783 563 1850 contrarium
584 1781 689 1851 lacere
704 1784 915 1866 attentaverit,
931 1783 1027 1850 huius
1041 1783 1255 1868 possessiones
1270 1801 1327 1867 per
1342 1781 1456 1854 rastel-

109 1865 221 1936 lanum
244 1874 386 1936 nostrum
410 1869 449 1936 de
472 1868 570 1936 Sebss
591 1889 649 1954 pro
672 1875 814 1953 tempore
837 1870 1042 1938 constitutum
1065 1890 1122 1954 pro
1136 1875 1245 1936 nostra
1263 1877 1457 1956 occupentur

109 1955 289 2023 maiestate.
312 1955 380 2022 Nec
402 1957 499 2024 etiam
515 1955 630 2040 aliquis
652 1957 832 2025 huiusmodi
853 1957 1107 2042 presbyterorum
1129 1957 1402 2026 schismaticorum
1423 1957 1458 2024 in

106 2041 178 2126 ipsa
200 2043 364 2126 provincia
386 2045 426 2110 de
448 2041 556 2126 Sebes,
579 2049 634 2111 aut
656 2044 689 2109 in
712 2043 826 2127 aliqua
842 2045 942 2127 ipsius
965 2049 1055 2128 parte
1077 2063 1210 2128 pergere
1226 2049 1332 2127 queat,
1349 2062 1451 2128 neque

107 2129 213 2211 possit
236 2129 342 2195 animo
363 2130 430 2197 suis
451 2131 608 2214 perversis
631 2132 831 2216 dogmatibus
854 2130 1024 2198 catholicos
1048 2131 1217 2199 seducendi
1239 2135 1271 2196 et
1294 2133 1336 2200 ad
1356 2131 1456 2199 ritum

107 2216 385 2284 schismaticorum
415 2217 606 2300 attrahendi,
637 2221 758 2285 eunetis
787 2219 903 2285 nostris
934 2215 1115 2286 castellanis
1146 2223 1179 2284 et
1205 2217 1392 2285 officialibus
1415 2219 1455 2286 da

107 2304 195 2371 dicta
217 2303 316 2372 Sabas
337 2305 557 2388 praesentibus
585 2309 618 2370 et
647 2303 762 2372 luturis
792 2305 903 2372 harum
926 2305 1114 2372 mandantes
1139 2305 1257 2386 vigore,
1281 2309 1317 2372 ut
1341 2305 1455 2373 amodo

104 2408 163 2472 par
186 2394 285 2458 antea
307 2409 415 2458 omnes
444 2391 644 2475 presbyteros
671 2391 895 2473 schismaticos,
927 2391 981 2474 qui
1003 2391 1177 2458 intentione
1204 2391 1375 2458 seducendi
1399 2410 1453 2474 po-
1498 2421 1501 2428 ·

104 2475 219 2558 pulum
243 2476 433 2545 catholicum
455 2483 488 2544 et
510 2479 551 2545 ad
573 2477 671 2544 ritum
686 2478 920 2546 schismaticum
936 2477 1139 2560 pervertendi
1154 2477 1271 2560 inipso
1293 2478 1456 2559 provincia

105 2565 144 2629 de
176 2561 278 2630 Sebes
309 2570 482 2645 morantur,
513 2569 570 2632 aut
600 2564 776 2632 hincinde
807 2569 973 2648 vagantur,
1005 2564 1203 2648 reperierint,
1227 2563 1391 2633 detineant
1422 2569 1456 2632 ιι

103 2649 234 2732 ιιιιιιι
266 2668 375 2716 eorum
406 2651 496 2718 bonis
526 2651 690 2734 universis,
720 2671 779 2718 nec
808 2653 914 2718 sinant
945 2653 1040 2736 ipsos,
1070 2656 1127 2718 aut
1148 2652 1287 2734 ipsorum
1310 2649 1451 2734 aliquem

102 2737 191 2804 iutra
220 2747 325 2804 mama
353 2737 454 2820 ipsius
484 2738 662 2820 provinciae
685 2736 801 2806 alicubi
823 2739 980 2823 residsr03
1008 2738 1178 2804 statuimus
1193 2738 1322 2820 insuper
1344 2739 1453 2805 decer·

104 2829 228 2906 nentes,
252 2829 290 2890 ut
310 2823 344 2888 in
365 2829 434 2890 tota
456 2823 516 2892 hac
547 2823 708 2907 provincia
737 2825 777 2890 de
811 2824 910 2892 Sebes
932 2824 1038 2891 nullus
1060 2823 1236 2891 catholicus
1258 2825 1358 2907 possit
1380 2843 1455 2891 con·

102 2911 234 2976 trahere
257 2911 494 2978 matrimonium
516 2929 588 2978 cum
610 2911 717 2994 aliqua
739 2911 948 2993 schismatica,
971 2930 1029 2980 nee
1051 2911 1118 2978 vice
1138 2930 1232 2977 versa
1247 2909 1450 2978 schismatica

102 3015 174 3064 cum
197 2995 356 3064 catholieo
380 2997 592 3081 cuiuscunque
614 2999 709 3082 modi,
732 3005 846 3081 status,
869 3000 918 3066 vel
941 2998 1129 3066 conditionis
1143 2998 1270 3082 existat,
1286 2997 1347 3064 nisi
1360 2997 1450 3082 prius

102 3084 327 3152 schismaticus
349 3089 405 3151 aut
427 3085 628 3153 schismatica
650 3107 670 3154 a
684 3086 869 3170 presbytero
885 3084 1040 3152 catholico
1055 3085 1305 3152 communionem
1321 3089 1451 3151 sanctae

102 3190 255 3238 romanae
277 3169 430 3240 eeclesiae
452 3172 587 3239 habento
609 3171 706 3238 fuerit
727 3173 908 3256 baptizatus
931 3171 981 3240 vel
1003 3173 1173 3254 baptizata.
1197 3172 1241 3236 Et
1263 3171 1290 3238 ιι
1313 3171 1385 3254 quis
1401 3170 1452 3238 bis

102 3277 183 3326 ausu
208 3257 381 3325 temerario
411 3259 602 3326 cordarium
631 3257 751 3340 lecerit,
783 3260 895 3326 subeat
926 3277 1059 3342 poenam
1090 3259 1277 3343 proditionis
1299 3257 1453 3324 nobilium

101 3346 261 3412 bonorum
283 3362 412 3412 suorum
441 3345 473 3411 iu
505 3365 596 3413 usum
627 3345 793 3414 castellani
825 3345 924 3414 nostri
947 3347 987 3414 de
1010 3345 1106 3412 Sebes
1129 3364 1186 3430 pro
1214 3349 1355 3427 tempore
1378 3363 1451 3411 con·

100 3433 208 3499 stituti
232 3431 525 3499 convertendorum.
557 3430 711 3500 Volumus
743 3433 839 3500 otiam
863 3440 959 3517 atque
986 3433 1207 3516 praesentibus
1230 3431 1392 3514 edicimus,
1415 3435 1452 3498 ιι

100 3519 134 3585 in
156 3525 228 3586 tota
248 3518 322 3598 ipsa
344 3519 504 3602 provivcia
532 3519 573 3586 de
603 3518 700 3586 Sebes
730 3519 876 3587 omnibus
899 3525 932 3586 st
954 3517 1088 3602 singulis
1112 3519 1325 3602 cuiuscunque
1348 3523 1451 3586 status

102 3611 134 3672 et
155 3604 348 3672 conditionis
370 3606 550 3674 hominibus
572 3605 685 3674 diebus
707 3607 849 3674 sabbatis
871 3625 947 3674 usus
970 3605 1111 3674 carnium
1133 3605 1259 3689 publice
1281 3605 1453 3671 interdica-

101 3697 152 3759 tur
174 3699 210 3760 et
232 3692 275 3760 ad
298 3710 554 3776 quorumeunque
583 3693 729 3762 notitiam
758 3695 942 3774 deducatur,
974 3693 1028 3776 qui
1050 3693 1077 3759 si
1101 3711 1157 3760 esu
1180 3693 1321 3760 earnium
1344 3691 1452 3774 aliquo

101 3779 229 3848 sabbati
253 3778 306 3845 die
329 3779 498 3846 temerarie
521 3780 570 3846 usi
593 3779 719 3860 luerint,
750 3799 884 3865 poenam
915 3781 1050 3848 subeant
1072 3780 1170 3847 trium
1194 3796 1372 3846 marcarum
1394 3795 1453 3862 per

101 3865 313 3934 ιιιιιιιιιιιιι
335 3871 478 3934 nostrum
501 3868 541 3934 de
565 3865 663 3932 Sebes
685 3886 742 3950 pro
765 3874 907 3952 tempore
930 3868 1135 3935 constitutum
1158 3866 1198 3933 ab
1223 3865 1354 3952 eisdem,
1378 3871 1451 3933 eta

102 3953 245 4037 quolibet
269 3952 382 4020 talium
404 3955 700 4037 extorquendamm.

163 4039 376 4107 Deeeruimus
406 4041 543 4123 denique
572 4059 629 4126 per
659 4059 841 4122 expressum
872 4040 1081 4126 iniungentes,
1110 4044 1145 4106 ut
1169 4037 1303 4122 quilibet
1325 4035 1451 4104 nobiles

102 4127 322 4212 Venesiorum,
353 4127 402 4192 vol
435 4129 532 4194 etiam
564 4125 761 4194 rusticalium
784 4146 990 4211 personarum
1013 4125 1109 4194 faciat
1136 4145 1210 4194 suos
1232 4125 1371 4192 infantes
1392 4143 1452 4206 per

136 4212 275 4281 tholicos
290 4214 471 4281 sacerdotes
493 4221 526 4282 ιι
541 4235 603 4281 non
620 4235 677 4295 per
691 4214 910 4282 schismaticos
925 4215 1105 4298 baptizare;
1129 4231 1230 4296 neque
1246 4214 1318 4296 quis
1333 4211 1452 4279 audeat

136 4306 155 4368 ιι
177 4301 388 4384 quovismodo
413 4309 596 4384 praesumat
617 4301 770 4370 infantem
793 4321 885 4369 suum
900 4302 951 4367 ιιι
974 4301 1106 4368 ιιιιιιιι
1121 4302 1334 4382 cuiuscunque
1350 4298 1451 4365 inian-

140 4407 165 4454 m
196 4389 238 4454 ad
268 4389 465 4455 sacerdotem
496 4389 730 4456 schismaticum
761 4409 818 4474 pro
848 4387 1048 4471 baptismatis
1081 4389 1280 4469 susceptione
1313 4391 1452 4468 portare,

140 4474 212 4541 anis
234 4475 448 4558 privationum
470 4475 623 4542 bonorum
646 4494 775 4542 suorum
797 4476 856 4542 sub
877 4475 1066 4558 praemissis.
1090 4475 1192 4541 Immo
1208 4479 1241 4540 et
1255 4473 1332 4554 ipsis
1347 4490 1453 4539 sacer·

148 4563 229 4628 tibus
250 4561 472 4642 schismaticis,
496 4563 674 4644 ubicunque
690 4563 724 4628 in
738 4563 833 4630 terris
849 4580 1018 4645 regnorum
1033 4566 1212 4628 nostrorum
1233 4558 1450 4639 existentibus,

148 4668 157 4713 ι
179 4649 263 4717 hanc
283 4657 426 4716 nostram
442 4649 662 4718 interdicimus
677 4667 851 4735 personam,
869 4669 909 4717 ue
931 4648 1039 4732 stipsi
1056 4649 1235 4732 quempiam
1250 4648 1290 4714 de
1304 4645 1452 4713 districtu

207 4777 294 4822 seori.
317 4779 405 4824 xxnr.
1327 4755 1347 4818 9
