3434 5260
1433 291 1497 360 459

155 519 216 588 pro
237 502 485 588 provincialibus
506 503 631 572 Bosnae
651 523 709 590 pro
733 509 884 589 tempore,
906 499 1027 571 ordinis
1048 500 1206 568 minorum
1227 499 1267 568 dc
1289 499 1500 585 observantis,

155 598 194 660 ut
226 596 351 659 mortno
382 592 530 675 episcopo
562 591 818 661 administratore
847 591 971 658 Bosnae
1001 588 1062 673 ipsi
1091 589 1158 657 sint
1186 586 1296 656 vicani
1327 587 1501 674 apostolici,

159 680 263 746 donec
285 677 418 746 ecclesia
440 679 612 747 Bosnensis
641 680 682 746 de
711 680 859 764 episcopo
881 684 936 747 aut
958 677 1213 745 administratore
1234 675 1446 759 provideatur,
1470 684 1503 745 et

157 765 297 850 denique
318 765 485 834 articulum
515 765 703 834 facultatum
733 766 825 834 fratri
848 766 987 834 Thomae
1012 764 1158 850 episcopo
1178 763 1332 831 Bosnensi
1353 764 1501 833 defuncto

159 871 380 922 concessarum
402 853 486 922 circs
507 855 691 922 earumdem
710 853 899 923 facultatum
915 851 1226 920 communicationem
1241 856 1383 931 tempore
1397 853 1503 919 obitos

156 939 386 1024 faciendarum,
407 959 498 1009 sacra
516 941 719 1026 congregatio
740 941 890 1024 decrevit,
913 949 949 1006 ut
971 937 1071 1007 intra:
1094 939 1206 1024 primo,
1229 940 1392 1006 decretum
1413 957 1503 1024 prae-

159 1028 281 1096 dictum
302 1047 386 1096 anno
411 1033 492 1094 1635
516 1029 568 1096 die
592 1034 632 1096 30
655 1028 735 1096 Julii
757 1029 875 1097 editum
899 1028 1061 1095 observari
1080 1025 1249 1094 mandavit.
1274 1031 1303 1091 2.
1319 1025 1417 1109 Dixit,
1434 1027 1503 1109 epi-

159 1133 274 1198 scopos
296 1114 419 1184 Bosose
440 1121 582 1199 tempore
604 1115 653 1184 sui
676 1117 781 1184 obitus
803 1135 865 1183 non
891 1133 983 1199 posse
1005 1114 1114 1198 vigore
1136 1113 1292 1182 dictarum
1313 1112 1504 1181 facultatum

160 1202 301 1286 aliquem
323 1203 522 1305 sacerdotem
544 1203 708 1287 deputare,
731 1203 1025 1308 qoieoromvices
1046 1199 1202 1285 suppleat,
1225 1219 1295 1268 cum
1308 1200 1504 1304 'specialiter

161 1290 882 1461 tdsffllffihrthtllnttns
903 1286 1506 1477 atstandandans

162 1464 342 1548 provideat,
365 1483 428 1532 non
449 1464 548 1532 hahet
569 1463 683 1547 locam,
706 1466 761 1534 ubi
783 1465 894 1534 eodem
916 1465 1008 1532 sodes
1029 1463 1094 1531 iam
1116 1462 1263 1548 providit,
1281 1467 1315 1529 et
1335 1481 1369 1528 m
1384 1479 1509 1529 omnem

162 1568 274 1619 casum
295 1551 368 1636 ipss
388 1550 481 1619 sedes
503 1551 676 1635 apostolica
697 1572 755 1636 per
776 1554 836 1620 hoc
857 1553 1019 1621 decretum
1040 1549 1187 1636 providit,
1210 1550 1286 1617 dum
1300 1549 1389 1618 iubet
1403 1550 1509 1618 obscr-

165 1639 237 1706 vari
261 1637 380 1706 dictum
402 1638 563 1708 decretum
585 1641 659 1709 anni
684 1642 777 1708 1635.

233 1741 304 1799 Bibl
324 1740 455 1800 Oassnat
473 1742 534 1800 cod.
553 1759 618 1799 msc.
638 1744 675 1800 X.
693 1743 730 1812 V,
748 1745 766 1800 5
783 1743 802 1800 f.
821 1745 863 1800 59.

504 1917 686 1988 ucccnc.
713 1918 806 2007 vens,
832 1917 871 1988 rs
894 1917 982 2000 nur,
1006 1917 1169 2004 sercou.

164 2037 395 2108 &samonaco
416 2045 530 2128 repunt
563 2041 623 2108 sibi
645 2063 681 2128 p.
716 2041 914 2145 Malliacum
933 2041 1046 2108 Benlld
1068 2043 1102 2108 lu
1124 2041 1300 2128 episomam
1325 2039 1510 2108 Bosncoscm

753 2151 923 2196 nomenari.

232 2247 483 2318 Eminentissimi
505 2271 523 2319 e
545 2253 797 2320 reverendissimi
813 2253 942 2338 signori.
965 2227 1073 2320 ilben
1093 2270 1177 2334 vero,
1194 2251 1253 2319 che
1268 2255 1381 2336 questa
1394 2269 1511 2336 povera

165 2335 324 2404 navicella
346 2338 380 2404 di
402 2344 514 2421 questa
536 2338 668 2408 sershca
690 2339 844 2424 religione
866 2341 894 2407 si
916 2345 1007 2408 trova
1028 2341 1061 2407 in
1084 2339 1225 2406 continui
1247 2338 1383 2423 travagli
1399 2337 1512 2406 scala-

165 2424 246 2491 mitd
268 2443 287 2491 e
310 2430 460 2509 supporta
492 2425 614 2494 infinite
643 2428 771 2496 miserie
801 2446 859 2495 con
881 2429 957 2494 tutti
979 2427 1031 2494 noi
1054 2424 1128 2494 altri
1151 2427 1260 2510 poveri
1283 2425 1457 2493 Christiani
1479 2426 1512 2491 in

164 2515 278 2594 queste
300 2509 469 2580 benedetto
502 2515 587 2597 parti
619 2533 678 2598 per
711 2534 800 2583 amor
833 2515 866 2582 di
899 2515 977 2582 lesu
1011 2513 1138 2581 Christo
1172 2515 1274 2582 eben
1298 2512 1448 2580 cultivate
1470 2514 1512 2580 da

165 2598 273 2682 questi
297 2599 460 2667 benedetti
482 2601 622 2684 religiosi
645 2621 703 2669 con
726 2603 853 2686 proprio
875 2603 972 2670 sudor
994 2601 1027 2668 di
1049 2619 1168 2686 sangue
1183 2621 1202 2668 e
1217 2601 1427 2684 grandissimo
1442 2618 1513 2684 pro·

164 2683 238 2752 fitto
259 2683 344 2754 della
367 2685 470 2755 salute
502 2685 586 2756 delle
621 2690 734 2756 anime.
769 2691 797 2755 Ε
831 2690 945 2774 perche
979 2691 1111 2756 essendo
1144 2694 1271 2772 passato
1294 2688 1335 2756 da
1358 2691 1470 2770 questa
1493 2707 1513 2754 a

163 2771 294 2856 miglior
316 2771 391 2854 vita,
415 2773 448 2841 di
470 2775 576 2844 huona
597 2777 759 2858 memoria,
781 2775 806 2843 il
828 2781 935 2844 nostro
955 2782 1081 2859 pastore
1096 2774 1310 2843 illustrissimo
1329 2775 1512 2858 monsignor

165 2859 217 2926 fra
240 2858 376 2927 'lomaso
398 2880 531 2929 vescovo
553 2864 587 2930 di
609 2863 722 2944 Bosna,
747 2863 770 2930 li
794 2864 884 2947 padri
908 2866 947 2931 de
969 2864 1003 2930 la
1017 2863 1186 2946 provincia,
1202 2881 1289 2929 come
1304 2861 1509 2942 intendiamo,

163 2945 819 3120 dtltlnrlid⁰iht¹¹ttdl2
842 2951 1226 3120 ltfnnld‘ttpttd
1242 2949 1513 3103 lindisi

165 3121 266 3189 rende
288 3121 387 3204 padre
409 3120 459 3190 fra
482 3124 603 3192 Matteo
626 3125 755 3192 Benlich
778 3091 828 3194 da²
841 3125 1035 3212 Bagnaluca,
1051 3123 1222 3190 diffinitore
1236 3121 1357 3190 attuale
1373 3142 1391 3190 e
1406 3127 1514 3190 nostro

164 3208 305 3292 parocho
327 3229 346 3275 e
368 3210 568 3294 predicatore
590 3212 632 3280 da
653 3213 766 3295 cinque
789 3234 808 3279 o
829 3213 875 3280 sei
899 3213 973 3280 anni
996 3213 1028 3277 iu
1051 3216 1131 3295 qns;
1154 3211 1259 3293 percio
1275 3211 1350 3278 tutti
1366 3211 1419 3277 noi
1439 3209 1513 3277 altri

167 3295 343 3364 Christiani
366 3317 385 3365 e
406 3299 530 3366 minimi
560 3299 643 3368 servi
672 3300 706 3366 di
735 3301 813 3366 lesu
846 3300 972 3366 Christo
1002 3317 1021 3366 e
1043 3298 1128 3366 della
1154 3299 1272 3366 suntitd
1293 3317 1352 3366 sua
1373 3303 1406 3364 et
1428 3296 1512 3365 delle

165 3389 276 3452 vostre
299 3383 461 3454 eminemus
483 3387 516 3452 in
538 3391 656 3469 quanto
687 3388 828 3472 sapiamo
849 3386 882 3453 la
904 3387 1014 3461 veritd,
1038 3387 1070 3452 in
1092 3390 1182 3454 tanto
1215 3385 1248 3452 la
1281 3383 1514 3454 mamfcstiamo

166 3468 233 3538 alla
254 3471 376 3539 santitd
397 3491 456 3540 ena
489 3478 521 3542 et
552 3473 615 3541 alle
647 3479 751 3540 vostre
780 3475 941 3541 eminenze
971 3473 1300 3558 sincerissimamente,
1321 3491 1339 3539 e
1362 3471 1514 3540 facciamo

167 3565 283 3641 questa
304 3558 424 3628 humile
446 3559 517 3627 fede
540 3579 558 3628 e
580 3561 723 3646 supplica
745 3561 777 3628 di
801 3567 912 3644 questo
935 3563 1033 3644 padre
1055 3560 1104 3626 fra
1126 3560 1247 3626 Matteo
1269 3557 1401 3626 Benlich
1420 3577 1514 3643 sopra

167 3645 343 3731 semusto,
365 3645 390 3712 il
412 3646 507 3730 quale
529 3651 725 3716 conosciamo
746 3667 804 3733 per
826 3649 936 3732 grand’
953 3649 1069 3714 huomo
1085 3649 1126 3714 da
1141 3647 1232 3728 hene,
1248 3645 1397 3728 religioso
1412 3664 1512 3713 esem-

167 3731 360 3818 plarissimo,
382 3739 556 3820 mansueto,
579 3735 687 3818 quieto
708 3741 741 3804 et
762 3735 898 3814 humile;
921 3735 1115 3802 huonissimo
1137 3734 1294 3817 theologo,
1315 3731 1514 3816 predicatore

169 3819 379 3888 mmosissimo
410 3821 444 3886 iu
475 3828 586 3904 queste
615 3823 709 3908 parti,
739 3824 912 3904 canonista,
944 3827 977 3889 et
1006 3823 1039 3888 in
1068 3826 1152 3888 tutte
1184 3819 1214 3887 le
1244 3819 1366 3902 qualite
1389 3839 1407 3886 e
1429 3821 1514 3886 virtu

167 3915 252 3989 raro,
274 3905 301 3973 il
323 3906 418 3990 quale
440 3927 497 3976 con
531 3909 556 3976 il
578 3929 636 3977 suo
657 3911 740 3978 buon
772 3912 911 3993 esempio
934 3929 951 3976 e
974 3908 1005 3976 le
1027 3927 1083 3975 sue
1109 3907 1278 3975 utilissime
1299 3905 1449 3991 prediche
1472 3905 1514 3973 hs

166 3993 249 4062 fatto
270 4013 290 4062 e
313 3993 346 4062 la
368 3995 623 4065 continosmente
653 4017 732 4081 gran
763 3997 892 4083 profitto
923 3995 1005 4063 nelle
1035 3995 1149 4076 anime,
1181 4014 1244 4061 non
1275 3994 1450 4062 solamente
1480 3995 1514 4060 in

166 4087 282 4165 questa
303 4083 391 4168 citth,
414 4101 467 4150 ma
488 4085 515 4150 si
539 4085 619 4152 bene
641 4085 731 4167 quasi
754 4103 811 4169 per
833 4089 918 4151 tutta
939 4083 972 4152 la'
992 4083 1171 4167 provincia;
1195 4101 1213 4150 e
1235 4088 1347 4165 questa
1369 4083 1472 4148 verite
1494 4085 1513 4148 e

166 4169 276 4236 chiara
298 4174 417 4251 quanto
439 4170 504 4237 eil
537 4171 612 4239 sole.
636 4173 702 4240 Ben
725 4171 848 4240 volsuto
871 4191 889 4239 e
911 4171 1090 4238 desiderato
1112 4171 1154 4238 ds
1176 4172 1262 4254 tutti,
1285 4169 1313 4236 si
1336 4187 1424 4238 coms
1447 4187 1514 4235 cre-

166 4255 282 4339 dismo‚
305 4255 366 4324 che
387 4256 464 4325 dall'
488 4257 569 4326 altre
589 4259 673 4342 parti
695 4257 726 4327 le
749 4265 855 4328 vostre
877 4259 1039 4326 eminenze
1061 4275 1175 4325 sarano
1198 4255 1379 4338 certificate,
1403 4275 1438 4322 se
1458 4274 1512 4321 vo-

166 4361 245 4411 rano
278 4343 370 4412 odim
391 4342 425 4411 la
446 4345 563 4429 verita,
599 4365 617 4413 e
639 4352 761 4414 mentre
783 4347 874 4416 lddio
896 4347 925 4413 ci
952 4345 1075 4413 volesse
1097 4344 1147 4412 iar
1168 4341 1202 4410 ls
1223 4345 1336 4430 gratia,
1360 4362 1378 4409 e
1399 4341 1431 4409 la
1453 4361 1513 4409 sua

167 4430 285 4498 sanhtd
306 4436 340 4498 et
363 4429 393 4498 le
416 4437 521 4500 vostre
552 4433 711 4502 eminenze
742 4434 775 4501 di
805 4435 927 4516 impone
958 4437 1070 4516 questo
1092 4432 1196 4500 cariuo
1218 4431 1250 4499 di
1273 4435 1385 4512 questo
1406 4447 1512 4498 vesco-

167 4522 242 4586 vato
264 4517 297 4585 di
319 4517 426 4586 Bosns
454 4520 486 4586 al
508 4521 634 4588 sudetto
665 4521 763 4604 padre
794 4522 923 4601 Matheo,
955 4519 1007 4587 noi
1037 4518 1112 4587 altri
1142 4518 1218 4586 tutti
1252 4516 1427 4585 Christiani
1449 4535 1512 4584 non

167 4605 339 4688 potessimo
361 4606 413 4673 dir
434 4605 517 4674 altro
539 4627 574 4674 se
598 4627 659 4675 non
682 4627 787 4676 essere
809 4609 894 4676 beati
918 4613 951 4676 et
973 4606 1059 4675 felici
1088 4607 1122 4674 in
1145 4610 1255 4690 queste
1277 4605 1394 4672 misere
1415 4605 1510 4688 parti,

168 4691 283 4778 perche
305 4693 441 4764 sarebbe
473 4693 506 4766 la
528 4695 744 4766 consolacione
774 4695 827 4766 del
849 4695 1121 4778 christianesimo;
1152 4713 1169 4763 e
1191 4692 1223 4763 la
1245 4692 1406 4778 provincia
1428 4695 1512 4762 tutta
