3428 5256
234 307 296 376 192

230 536 289 604 pro
312 521 457 600 tempore
479 522 581 602 amnt,
605 537 643 588 ac
665 519 750 589 sedis
772 521 913 605 predicte
934 519 1168 592 commissarios
1189 518 1332 620 iacimus,
1356 513 1586 585 mustituimus
1707 565 1709 612 ,

233 624 272 673 ac
293 606 392 673 etiam
414 606 612 691 deputamus,
635 607 761 692 ipsique
773 609 924 692 Fabiano,
948 609 1075 677 vicariis
1098 617 1132 674 et
1153 607 1345 686 substitutus,
1363 605 1448 688 quod
1471 605 1587 702 nostro
1707 631 1709 678 ἢ

233 697 266 760 et
287 709 504 760 successorum
526 699 707 761 nostrorum
729 715 767 764 ac
788 696 873 765 sedis
895 696 1019 780 prefate
1041 694 1228 774 nominibus,
1251 693 1284 759 in
1300 692 1505 792 omnihusqst
1520 705 1588 754 srn·
1708 731 1709 734 =

233 778 317 862 gulis
348 779 509 861 subiectis,
540 782 639 850 unitis
669 789 702 848 et
731 782 942 868 incorporatis
972 788 1005 850 et
1038 781 1111 849 aliis
1133 779 1347 857 conventibus,
1375 776 1524 845 domibus
1547 790 1589 840 ac
1709 817 1710 820 =

233 865 311 932 locis
332 865 448 933 mcarie
470 866 593 951 prefate
616 887 789 952 eorumque
811 871 956 954 personis
976 869 1051 938 illas
1072 885 1202 953 prorsus
1217 872 1250 933 et
1264 865 1385 934 similes
1400 882 1438 932 ac
1453 862 1588 930 easdam

232 953 265 1018 in
288 954 433 1021 omnihus
454 958 521 1020 tum
544 955 680 1038 gratiam
703 975 799 1038 quam
829 957 986 1024 iusticiam
1016 954 1276 1022 concernentibus
1298 957 1333 1018 et
1355 951 1428 1018 aliis
1451 949 1585 1033 quihus·

233 1057 357 1123 cunque
379 1040 592 1109 omnimodam
616 1043 873 1123 iurisdictionem,
905 1048 1096 1128 potestatem
1118 1047 1151 1108 et
1172 1039 1358 1108 facultatem
1384 1037 1526 1105 habeant
1549 1039 1587 1100 et

234 1145 380 1194 exercere
402 1127 534 1210 possint,
558 1148 638 1211 quas
660 1130 818 1212 generahs
848 1131 993 1196 minister
1023 1128 1100 1196 dicti
1122 1127 1243 1195 ordinis
1265 1145 1323 1210 pro
1344 1129 1491 1208 tempore
1514 1121 1585 1188 eri·

232 1219 319 1280 stens
341 1214 375 1279 in
397 1212 463 1280 illis
484 1214 591 1296 habet,
615 1224 648 1282 et
668 1217 697 1280 si
719 1217 753 1281 in
775 1217 869 1284 dictis
891 1217 1034 1300 partibus
1056 1233 1188 1299 presens
1202 1213 1294 1294 foret,
1311 1212 1478 1280 hahereet
1493 1225 1588 1275 exer-

234 1317 306 1367 cere
327 1305 454 1384 posset3
485 1306 633 1384 preterea
654 1303 738 1384 quod
765 1303 926 1370 Fabianus
955 1321 1012 1370 seu
1034 1301 1171 1369 vicanus
1192 1318 1251 1384 pro
1274 1305 1427 1380 tempore,
1452 1293 1588 1398 etsub-

235 1389 339 1454 stituti
361 1387 496 1470 predicti
518 1406 556 1454 ac
578 1407 687 1455 omnes
709 1395 742 1455 et
763 1389 881 1472 singuli
903 1389 1020 1458 fratres
1041 1390 1075 1454 in
1096 1388 1174 1472 ipsis
1197 1386 1337 1470 Scythis,
1360 1383 1527 1485 Moldame
1550 1385 1588 1448 et

234 1473 509 1556 septemsedilibus
525 1474 702 1542 Siculorum
726 1477 868 1560 partibus
890 1495 948 1560 pro
970 1483 1113 1560 tempore
1136 1479 1367 1541 commorantes
1388 1487 1533 1572 omnium
1551 1471 1589 1534 et

234 1559 432 1641 singulorum
464 1559 606 1626 fidelium
638 1567 672 1627 et
701 1564 728 1629 si
758 1565 800 1630 ad
829 1563 1034 1630 christianam
1063 1560 1157 1629 fidem
1189 1559 1332 1627 conserti
1353 1558 1526 1635 uoluerunt,
1553 1561 1591 1619 et

234 1647 376 1712 conversi
398 1653 432 1712 et
453 1647 607 1730 baptizati
628 1647 755 1729 luerint,
779 1649 1068 1732 etiaminlidelium,
1093 1649 1134 1715 ad
1157 1665 1211 1714 eos
1234 1665 1291 1730 pro
1314 1652 1458 1730 tempora
1481 1640 1588 1744 unde-

235 1751 358 1815 cunque
391 1731 623 1816 confluentium,
654 1735 866 1803 confessiones
895 1738 1017 1816 audire,
1047 1741 1081 1802 et
1109 1753 1168 1817 pro
1197 1733 1375 1800 commissis
1397 1732 1438 1798 ab
1461 1729 1588 1796 eosdem

235 1821 332 1886 etiam
354 1824 630 1902 quantumcunque
651 1824 803 1904 grauibus
826 1828 858 1889 et
880 1823 1060 1890 enormibus
1083 1821 1268 1888 criminibus
1284 1826 1317 1886 et
1331 1818 1469 1904 delictis,
1485 1816 1590 1882 ctiam

235 1906 263 1973 si
286 1906 420 1972 simonia
443 1911 476 1971 et
498 1906 578 1973 alias
599 1907 678 1974 talia
700 1908 830 2010 fuerint,
853 1916 982 1993 propter
997 1927 1098 1992 ques.
1114 1907 1292 1988 sedesipsa
1307 1907 1422 1973 merito
1444 1908 1489 1970 sit
1512 1919 1590 1968 con-

235 1990 375 2072 sulenda,
399 1991 539 2061 debitam
562 1994 795 2061 absolucionem
817 2000 1000 2079 rmpendere
1022 2000 1055 2062 et
1077 1993 1288 2078 penitenciam
1310 1994 1479 2073 iniungere
1501 1987 1592 2092 saln-

236 2084 348 2156 tarem‚
379 2096 521 2146 necnon
544 2079 618 2146 iflos
639 2101 660 2147 a
682 2083 921 2165 quibuscunque
948 2080 1291 2158 excommunicationis,
1315 2077 1534 2178 suspensionis
1557 2078 1593 2140 et

235 2165 396 2231 interdicti
427 2171 460 2231 et
489 2165 562 2232 aliis
593 2168 816 2236 ecclesiasticis
838 2169 1014 2251 sententiis,
1037 2167 1179 2234 censuris
1201 2173 1234 2234 et
1255 2169 1356 2250 penis,
1379 2173 1447 2232 tam
1470 2180 1591 2264 annue

236 2269 332 2333 quam
353 2251 394 2317 ab
416 2252 543 2318 homine
565 2251 641 2319 latis
663 2259 696 2319 et
717 2255 935 2339 promulgatis,
959 2257 1056 2322 etiam
1078 2255 1111 2320 in
1134 2255 1219 2322 dicte
1233 2254 1321 2322 sedis
1338 2255 1517 2352 reseruatrs
1533 2265 1592 2350 ca-

236 2338 325 2404 sibus
346 2337 379 2402 in
402 2336 504 2404 forma
526 2338 659 2406 ecclesie
681 2347 841 2416 consueta,
864 2343 1013 2409 iniunctis
1034 2341 1096 2408 sihi
1119 2359 1176 2424 pro
1186 2343 1281 2408 modo
1297 2339 1391 2424 culpe
1406 2341 1592 2436 pemtentra

236 2423 379 2507 salutari,
403 2428 437 2489 et
458 2424 539 2504 aliis,
563 2444 625 2507 que
654 2427 694 2493 de
723 2429 793 2494 iure
822 2428 940 2496 luemnt
960 2428 1163 2510 iniungenda,
1188 2426 1365 2507 absoluere,
1389 2431 1520 2492 etcum
1543 2439 1594 2489 ers

235 2527 331 2593 super
362 2510 600 2593 quibuscunque
629 2513 927 2596 irregularitatibus,
961 2515 1124 2580 homicidii
1157 2513 1341 2593 voluntarii,
1370 2512 1522 2595 bigamia,
1559 2513 1595 2574 et

235 2595 448 2664 mutllscionis
469 2599 683 2665 membrorum
704 2600 829 2667 casibus
851 2605 1005 2668 duntaxat
1022 2600 1173 2684 exceptis,
1190 2601 1387 2684 dispensare,
1405 2615 1443 2666 ac
1458 2611 1592 2686 ornnem

236 2682 276 2749 ab
298 2683 376 2766 ipsis
398 2681 610 2752 inhabilitatis
639 2691 673 2751 et
694 2685 823 2754 inlamie
847 2687 1003 2754 maculam
1031 2688 1100 2754 siue
1124 2692 1230 2754 notam
1253 2705 1312 2770 per
1332 2705 1387 2754 eos
1410 2683 1593 2784 quomodo-

235 2769 313 2835 libet
335 2774 530 2837 contractam
552 2771 677 2853 penitus
700 2772 836 2860 abolere,
860 2793 897 2841 ac
927 2775 999 2840 aliis
1021 2773 1222 2854 eucharistie,
1245 2773 1459 2858 baptismatis,
1484 2770 1591 2836 chrm·

235 2855 331 2922 matis
353 2875 409 2922 seu
431 2855 687 2943 confirmationis,
717 2865 857 2928 extreme
884 2861 1050 2943 unctionis,
1085 2859 1213 2943 aliaque
1235 2859 1454 2927 ecclesiastica
1476 2875 1590 2925 mora·

238 2945 347 3008 menta
368 2943 560 3024 ministrare,
584 2949 746 3026 apostatas
768 2966 788 3014 a
809 2945 871 3013 lide
890 2965 946 3014 seu
962 2946 1116 3029 religione
1131 2948 1173 3014 ad
1187 2947 1397 3028 penitentiam
1412 2943 1595 3044 salutarem

236 3033 269 3094 et
290 3027 435 3094 habitum
457 3047 513 3096 sue
535 3031 698 3114 religionis
720 3051 778 3100 nec
800 3052 862 3099 non
885 3033 965 3101 alios
988 3034 1028 3100 ad
1050 3032 1227 3116 plenariam
1243 3035 1384 3116 ipsorum
1399 3029 1595 3100 reconcilia·

236 3113 356 3180 tionem
378 3116 519 3198 recipere
542 3121 576 3182 et
597 3119 775 3200 admittere,
798 3137 857 3186 nec
877 3139 939 3186 non
954 3119 1017 3187 alia
1032 3119 1104 3186 iura
1118 3119 1314 3201 parochialia
1329 3119 1376 3187 eis
1391 3117 1593 3200 ministrare,

236 3219 348 3284 regere
371 3207 403 3267 et
425 3219 579 3286 exercere,
604 3203 741 3288 capellas
771 3225 895 3288 quoque
924 3213 957 3274 et
979 3205 1104 3288 alteria,
1127 3225 1186 3274 nec
1208 3225 1271 3272 non
1293 3206 1411 3273 calices
1433 3211 1469 3272 et
1492 3223 1592 3288 para·

236 3293 343 3353 menta
365 3285 589 3373 ecclesiastica,
619 3289 724 3358 oleum
754 3299 898 3358 sanctum
929 3299 961 3359 et
990 3293 1128 3360 chrisma
1151 3291 1305 3360 conficere
1327 3299 1361 3359 et
1382 3292 1594 3374 benedicere,

236 3392 273 3440 ac
305 3374 553 3443 reconciliandas
586 3378 736 3444 ecclesias
768 3384 802 3445 et
830 3377 1060 3447 reconcilianda
1091 3381 1262 3449 cemeteria
1291 3377 1517 3456 reconciliare,
1551 3377 1594 3444 de

236 3461 519 3528 matrimonialibus
541 3467 575 3528 et
596 3463 667 3530 aliis
689 3465 793 3530 musis
815 3465 1033 3548 spiritualibus
1063 3483 1252 3550 cognoscere
1275 3465 1414 3550 illasque
1437 3465 1597 3532 decidere

237 3553 269 3612 et
291 3548 323 3611 in
345 3545 411 3614 illis
433 3545 523 3614 illam
544 3567 674 3633 prorsus
696 3550 946 3618 iurisdictionem
975 3553 1094 3620 habere
1120 3559 1153 3619 et
1176 3571 1332 3639 exercere,
1357 3569 1456 3636 quam
1481 3551 1595 3618 diece-

236 3651 331 3700 senus
353 3634 527 3717 episcopus,
563 3636 591 3700 si
612 3636 658 3702 ihi
688 3642 783 3723 esset,
807 3639 923 3704 habere
945 3644 979 3705 ct
1001 3657 1147 3708 exercere
1173 3647 1290 3724 posset.
1327 3638 1410 3706 Cum
1432 3639 1596 3706 schisma·

236 3719 307 3786 ticis
318 3737 453 3800 quoque,
476 3721 637 3805 hereticis,
660 3725 938 3791 excommunicatis
953 3743 1008 3792 seu
1024 3726 1202 3796 interdictis
1218 3727 1462 3809 quibuscunque
1488 3742 1596 3807 quan·

237 3811 428 3888 tumcunque
451 3807 591 3885 notoriis,
614 3808 676 3873 nisi
699 3809 858 3876 Fabianus
880 3816 914 3878 et
935 3812 1071 3878 vicarius
1093 3832 1151 3897 pro
1174 3822 1317 3898 tempore
1340 3819 1398 3880 aut
1420 3809 1596 3880 substituti

236 3892 371 3974 predicti
393 3911 447 3959 eos
469 3892 571 3958 vitare
593 3894 821 3977 mandaverint,
852 3899 885 3962 in
915 3899 1156 3982 quibuscunque
1178 3919 1289 3968 eorum
1312 3899 1466 3984 negociis,
1492 3901 1597 3967 etiam

176 4035 178 4040 .
237 3980 270 4043 in
293 3978 412 4043 diuinis
434 3976 547 4043 officiis
570 3984 601 4045 et
623 3985 721 4062 extra,
746 3983 820 4048 dum
843 3983 1004 4049 tamenin
1026 3985 1239 4053 criminenon
1262 3988 1466 4072 participent,
1491 3985 1597 4069 parti·

237 4064 344 4144 cipare
359 4069 393 4129 et
407 4064 537 4146 insuper
552 4070 588 4130 ut
603 4072 780 4134 vestrorum
794 4069 947 4136 honorum
962 4089 1092 4154 operum
1107 4071 1229 4142 fructus
1244 4074 1375 4142 ualeant
1389 4071 1598 4157 peramplius

237 4150 416 4232 propagari,
439 4151 524 4230 quod
545 4151 705 4218 Fabianus
735 4161 767 4219 et
798 4155 932 4222 vianne
954 4175 1012 4240 pro
1039 4162 1183 4241 tempore
1205 4165 1239 4226 et
1261 4161 1428 4228 substituti
1451 4159 1596 4244 predicti

236 4253 298 4299 non
320 4233 415 4300 modo
436 4234 470 4298 in
492 4235 585 4302 dictis
608 4235 742 4320 Scythis,
767 4240 927 4308 Moldauie
950 4249 982 4310 et
1004 4245 1282 4326 septemsedilibus
1305 4246 1490 4314 Siculorum
1519 4263 1598 4331 par-

237 4320 331 4394 tibus,
356 4337 418 4400 que
447 4319 565 4386 noane
594 4324 734 4404 predicte
764 4327 963 4413 subiecimus,
995 4333 1212 4415 annexuimus,
1239 4333 1533 4418 incorporauimus,
1557 4335 1599 4400 ut

237 4403 1409 4583 {institi”tlmittiminiinstititutis-tl
1422 4421 1599 4590 stlta

502 4537 509 4574 ²
705 4548 712 4575 ⁷
1014 4554 1022 4587 r
1153 4555 1161 4586 a

239 4581 297 4658 tot,
328 4583 406 4658 quot
427 4577 489 4660 ipsi
518 4579 635 4647 sicano
658 4583 825 4665 expediens
846 4585 1014 4670 videbitur,
1039 4607 1095 4672 pro
1117 4593 1234 4660 vestris
1256 4611 1317 4661 usu
1332 4599 1366 4662 et
1381 4593 1596 4662 habitacione

239 4662 279 4727 de
301 4681 384 4728 nouo
406 4665 569 4746 acquirere
591 4667 679 4734 etin
701 4669 748 4736 eis
770 4669 919 4740 ecclesias
941 4692 1012 4741 cum
1034 4677 1274 4767 campanilibus,
1291 4682 1469 4766 campanis,
1488 4699 1599 4752 came·
