3406 5262
219 283 279 346 150

215 485 441 555 reddiderunt:
473 487 547 556 ideo
577 487 732 574 plurimas
761 495 872 558 tenore
901 491 1100 577 presencium
1129 509 1168 558 er
1189 490 1269 575 ipsis
1296 489 1412 573 graciis
1435 487 1574 556 inferius

217 574 409 642 annotandis
430 593 555 661 revoco,
578 594 668 644 casso
698 581 732 644 et
753 575 884 644 annullo
907 583 939 644 et
961 578 1089 660 penitus
1111 597 1168 662 pro
1190 597 1252 644 non
1275 576 1436 644 concessis
1458 576 1575 664 habeo,

217 662 319 728 eciam
342 662 370 728 ai
392 662 425 727 iu
447 661 565 730 litteris
587 665 645 730 hec
669 663 812 731 clausula
834 665 1014 744 haberetur,
1042 684 1104 731 non
1127 684 1197 732 esse
1218 665 1423 744 reuocandas,
1447 663 1512 730 nisi
1534 666 1577 732 dc

217 749 315 815 uerbo
338 748 534 817 adverbum
558 749 706 834 specialis
728 751 850 818 mencio
873 751 913 817 de
936 752 982 818 eis
1004 749 1103 831 fieret,
1127 757 1183 818 aut
1202 769 1388 834 quecunque
1411 748 1487 834 alie,
1512 769 1577 834 que

217 835 399 904 huiusmodi
422 854 491 903 mee
515 837 736 918 revocationis,
753 837 953 918 cassanionis,
969 837 1201 906 annullecionis
1215 839 1391 920 cuicunque
1406 843 1577 920 presentes

216 922 353 988 intuenti
375 923 507 990 dubium
530 923 629 990 affere
652 925 762 1007 possit.

282 1007 381 1075 litio
406 1011 528 1092 primis,
553 1028 757 1092 quascunque
779 1011 903 1094 gracias
921 1011 1061 1094 regibus,
1085 1009 1367 1090 dominacionibus,
1390 1010 1576 1092 comitibus,

217 1095 462 1178 marchionibus,
486 1098 725 1180 quibuscunque
747 1097 916 1176 nobilibus,
941 1098 1194 1182 archiepiscopis,
1214 1097 1380 1180 episcopis,
1399 1097 1577 1164 abbatibus

217 1187 251 1248 et
273 1183 512 1266 quibuscunque
535 1183 608 1250 aliis
630 1185 844 1266 cuiuscunque
866 1185 1064 1270 conditionis,
1087 1186 1214 1267 gradem
1239 1187 1296 1252 aut
1317 1183 1486 1266 diguitatis
1506 1185 1574 1250 ari-

218 1269 385 1350 stentibm,
418 1273 458 1338 de
490 1269 664 1354 capellanis
695 1277 728 1337 et
749 1270 980 1338 confessoribus
1009 1272 1078 1338 sive
1108 1288 1294 1354 quacunque
1316 1269 1382 1336 alio
1403 1269 1575 1337 familiari·

218 1360 285 1422 tate
308 1373 473 1424 concessas
500 1375 614 1424 revoco
650 1362 684 1423 et
714 1356 852 1443 annullo,
884 1359 1022 1441 exceptis
1052 1357 1115 1424 hiis
1145 1356 1262 1424 litteris
1292 1362 1325 1422 et
1357 1357 1487 1444 graciis,
1512 1376 1577 1440 que

218 1442 415 1510 sereniisime
442 1445 602 1510 maiestati
633 1443 792 1527 imperiali
829 1464 848 1510 1
878 1461 928 1510 me
956 1445 1070 1511 merito
1103 1462 1250 1512 concesse
1284 1449 1368 1528 suut,
1399 1461 1481 1526 quse
1516 1463 1577 1512 suo

218 1529 332 1596 robore
356 1536 389 1596 et
411 1531 540 1611 virtute,
564 1548 627 1612 qua
649 1547 796 1598 concesse
818 1536 902 1611 sunt,
925 1531 1036 1598 haberi
1057 1529 1137 1598 solo.

285 1616 367 1682 Item
397 1615 525 1684 litteras
555 1627 588 1682 et
618 1618 742 1696 gracias
769 1635 932 1684 concessas
966 1617 1058 1685 tratri
1087 1615 1213 1695 Joanni,
1246 1615 1368 1682 Prorob
1399 1615 1496 1701 dicto,
1534 1617 1576 1684 de

220 1702 417 1786 guardisuia
447 1703 582 1770 duorum
612 1701 762 1788 locorum,
793 1703 914 1771 scilicet
936 1703 1109 1788 Dezewyra
1131 1708 1164 1770 et
1185 1701 1336 1769 Howoiza
1359 1702 1432 1788 (sic)
1459 1721 1578 1771 revoco

221 1795 254 1855 ot
278 1788 416 1856 annullo.
439 1791 521 1857 Item
544 1790 668 1874 gracias
690 1790 730 1856 de
753 1789 934 1857 elemosinis
963 1791 1109 1875 petendis
1130 1808 1190 1872 per
1211 1789 1329 1856 fratres
1351 1808 1410 1870 pro
1433 1792 1576 1858 necessi-

222 1875 352 1954 tatibus,
376 1877 474 1959 siqui
497 1878 666 1944 abutentes
687 1878 808 1944 inventi
830 1875 958 1958 ineunt,
982 1882 1039 1943 sut
1059 1879 1128 1944 sine
1147 1876 1337 1943 necessitate
1351 1881 1503 1959 peterent
1517 1883 1576 1945 sut

221 1962 255 2028 in
278 1962 450 2046 dampnum
472 1963 612 2031 locorum
635 1983 691 2031 seu
713 1969 919 2048 conuentum3
941 1964 1012 2030 volo
1032 1963 1213 2030 huiusmodi
1236 1963 1354 2028 iratres
1377 1965 1418 2030 ab
1441 1964 1504 2030 hac
1527 1965 1577 2030 in-

221 2048 358 2116 solentie
381 2055 413 2117 et
434 2049 519 2118 malo
542 2049 686 2134 exemplo
708 2071 727 2118 s
749 2051 866 2117 nicorio
889 2056 945 2117 aut
966 2051 1079 2118 ceterit
1102 2050 1220 2118 vicarie
1243 2047 1377 2135 prelatis
1399 2050 1521 2134 corrigi
1543 2055 1577 2118 et

222 2141 259 2201 ut
280 2135 436 2203 desistant
459 2137 611 2206 amoueri.

286 2221 402 2291 Volete
426 2223 458 2288 in
481 2223 609 2290 Christo
631 2224 711 2290 Jesu
733 2229 766 2290 et
788 2228 876 2291 orate
898 2241 957 2308 pro
978 2242 1039 2290 me.

219 2396 248 2462 D
286 2309 370 2464 linge
391 2310 511 2378 Ferare
533 2328 615 2377 anuo
631 2309 750 2377 domiui
765 2309 934 2378 millesimo
949 2309 1261 2394 quadringentesimo
1276 2335 1368 2392 xxxv,
1385 2309 1438 2378 die
1453 2311 1577 2379 mensis

250 2413 337 2462 eoem
359 2415 403 2463 111
425 2421 498 2466 xvn.

284 2481 463 2552 Guilelmus
492 2483 597 2568 placet
626 2490 659 2550 et
689 2501 798 2550 omnes
828 2483 951 2566 grocim
980 2481 1067 2550 illius
1089 2483 1206 2550 vicarie
1228 2481 1384 2552 fratribus
1406 2501 1578 2553 concessas

219 2586 321 2652 nsque
343 2571 385 2638 sd
406 2576 589 2654 presentem
611 2571 697 2637 diem
718 2569 822 2637 libens
843 2571 878 2636 in
899 2570 1046 2638 manibus
1068 2571 1132 2637 tuis
1153 2588 1283 2654 repono.

285 2655 366 2723 Visa
387 2658 515 2740 propria
537 2675 643 2724 mann.

287 2741 447 2809 Confirmo
477 2744 556 2810 item
584 2745 729 2826 predicto
759 2744 864 2811 omnis
885 2746 1013 2826 propria
1044 2761 1140 2811 menn
1162 2761 1221 2826 ego
1244 2743 1349 2810 dictus
1371 2743 1475 2812 irater
1498 2744 1578 2812 Gui-

220 2826 336 2894 lelmus
359 2828 520 2911 generalis
550 2829 694 2914 prefatus
722 2849 823 2913 usque
852 2837 1032 2914 presentem
1056 2829 1142 2895 diem
1167 2830 1321 2896 honorem
1347 2831 1431 2896 1437
1457 2831 1577 2916 (1435)

221 2913 273 2980 die
296 2914 482 2981 Decembris
504 2915 614 2982 uolens
636 2934 675 2982 ea
694 2935 860 3002 revocar03
883 2919 951 2983 visa
965 2917 1094 3000 proprie
1108 2933 1207 2984 manu
1221 2935 1293 2983 mea
1316 2916 1382 3001 (ut)
1398 2924 1576 2986 constaret.

287 3000 333 3084 (Α
355 3005 445 3083 tergo
468 3007 517 3068 cst
540 3001 679 3084 sigilium
708 3021 857 3085 maguum
884 3003 1003 3069 ordinis
1033 3020 1125 3070 carce
1148 3003 1326 3070 subrubrae
1353 3004 1577 3090 impressum).

285 3103 330 3157 Ex
349 3103 474 3173 original.
492 3105 521 3158 in
539 3103 656 3159 tabular.
674 3113 799 3162 convent.
818 3105 893 3161 nan.
911 3106 1009 3162 minor.
1027 3105 1101 3160 deba
1120 3105 1201 3162 Noun
1219 3105 1362 3179 Neapolit.

463 3277 674 3346 1100111111.
700 3278 792 3365 1436,
815 3279 856 3349 25
880 3280 1046 3363 11111111,
1068 3279 1171 3352 Albae
1193 3280 1330 3367 Regiae.

293 3399 473 3482 Stephanus
496 3399 626 3481 Turtlro,
649 3420 703 3466 rex
719 3401 851 3488 Bonoso,
867 3402 979 3486 recipit
994 3403 1100 3470 omnia
1114 3403 1256 3472 claustra
1275 3402 1416 3484 ,ordinis
1433 3423 1459 3469 a.
1476 3403 1579 3472 bben—
1641 3461 1644 3468 ,

227 3486 302 3552 cisci
325 3486 365 3552 de
388 3487 588 3552 observantia
611 3487 748 3554 vitoriae
769 3489 911 3556 Bosuee“
937 3491 970 3554 in
985 3488 1174 3572 clientelam,
1191 3491 1400 3573 conceditque
1415 3489 1576 3558 frutribus

226 3589 353 3637 omnem
384 3571 562 3639 libertatem
593 3573 813 3657 „praedicandi
841 3576 972 3643 verbum
1002 3576 1062 3642 Dei
1098 3596 1135 3642 ac
1169 3582 1300 3644 sauctae
1332 3575 1513 3646 catholicae
1545 3583 1580 3645 et

225 3675 376 3726 romanae
398 3659 548 3726 ecclesiae
570 3663 767 3727 ueritatem“.

225 3760 420 3900 mli'ssrlgg:
437 3761 513 3832 illyr.
532 3777 601 3817 sacr.
619 3767 685 3818 tom.
704 3763 755 3832 IV,
774 3781 800 3834 p.
820 3765 861 3820 66.
886 3767 1014 3820 Katono:
1042 3765 1149 3822 Hister.
1168 3765 1263 3822 Oritic.
1280 3783 1338 3837 reg.
1357 3767 1491 3837 Hungar.
1509 3772 1577 3822 torn.

286 3869 293 3897 ,
334 3871 340 3886 .
412 3869 418 3884 .

470 3968 694 4038 DOOXXXVI.
721 3971 811 4054 1436,
835 3972 875 4042 26
899 3972 1065 4058 ianuarii,
1088 3974 1172 4045 Albe
1194 3973 1330 4063 Regiae.

226 4087 405 4172 &aplanus
432 4088 545 4154 Tortlro
577 4113 633 4156 rec
664 4091 786 4157 Bornos
814 4094 936 4176 fratres
965 4095 1100 4162 mimae
1126 4095 1252 4164 Bosnrw
1275 4118 1445 4180 eorumque
1467 4120 1580 4165 morro-

225 4175 325 4239 steria
347 4175 403 4238 ouh
426 4195 516 4240 suom
538 4180 649 4263 recipit
660 4183 888 4262 protectionem,
902 4183 1119 4264 promittitque
1135 4185 1251 4250 eisdem
1267 4185 1449 4252 libertatem
1465 4187 1581 4270 ubique
1691 4199 1693 4226 ¹

676 4265 800 4330 vebum
823 4265 884 4332 Dei
903 4268 1123 4351 praedicandi.

283 4378 357 4480 ‘llos
386 4379 567 4463 Stephanus
600 4383 766 4466 Trertlrus,
789 4387 849 4453 Dei
878 4388 983 4470 1111111
1004 4409 1059 4457 rex
1081 4391 1206 4460 Bosuae
1229 4397 1289 4461 etc.
1313 4394 1366 4460 Ad
1390 4401 1580 4462 cunctomm

225 4469 373 4564 notrtram
404 4471 619 4547 praesentium
649 4472 768 4555 pariter
790 4479 821 4539 et
843 4473 1021 4542 futurorum
1051 4477 1166 4544 herum
1188 4481 1272 4546 serie
1296 4479 1448 4548 uolumus
1471 4502 1581 4565 perse·

226 4567 306 4628 nure,
331 4554 470 4632 qualiter
493 4574 549 4620 nos
572 4575 628 4637 per
650 4557 883 4624 serenissimum
915 4565 947 4625 ot
969 4562 1211 4632 invictissimum
1234 4567 1401 4634 dominum
1424 4576 1580 4650 nostrum,

231 4636 397 4704 dominum
420 4637 654 4723 sigismundum
683 4643 895 4712 Romanorum
923 4647 1156 4734 imperatorem,
1182 4671 1310 4738 semper
1332 4662 1518 4740 augustum,
1541 4675 1580 4724 ac
