3428 5256
1404 305 1465 373 193

121 511 222 594 teriia,
246 511 449 594 dormitoriis,
478 512 589 592 hortis,
623 511 794 582 hortalitiis
816 518 849 578 et
871 511 944 579 aliis
966 512 1153 580 necessariis
1175 512 1309 580 officinis
1331 511 1466 580 fundare

120 603 154 666 st
175 603 369 666 construere.
400 599 559 678 Pretcrea,
590 602 674 682 quod
705 599 974 682 quotienscunque
1005 599 1165 667 confessor
1188 599 1238 668 rel
1261 599 1466 680 confessores,

120 704 218 767 quem
239 691 273 753 ct
295 704 375 768 quos
395 705 451 754 ros
474 685 524 754 vel
546 692 685 753 vestrum
708 686 841 768 quilibet
870 691 1032 772 presentes
1055 692 1088 753 et
1109 687 1210 754 futuri
1232 707 1289 770 pro
1312 693 1464 770 tempore,

119 772 159 838 de
182 773 263 839 dicti
284 773 396 842 ricerii
418 774 631 844 et.inierioris
653 775 826 855 superioris
848 775 1002 857 auctrici
1023 773 1090 842 cius
1113 775 1204 858 copia
1226 776 1388 841 commode
1410 773 1468 840 ha·

117 859 189 926 beri
212 861 361 944 potuerit,
378 859 506 928 licentia
520 861 672 928 duxeritis
688 860 866 944 eligendum
880 880 937 927 seu
952 861 1123 944 eligendos,
1139 867 1262 928 vestras
1277 867 1310 928 et
1324 865 1468 930 restrum

118 945 292 1014 cuiuslibet
314 946 524 1014 confessiones
553 949 664 1016 audire
687 967 724 1014 ac
745 967 802 1032 pro
818 948 992 1015 commissis
1014 949 1207 1034 criminibus,
1230 949 1410 1016 excessibus
1433 952 1466 1013 et

118 1031 257 1117 delictis,
280 1037 378 1102 etiam
399 1035 431 1100 in
453 1033 625 1102 reseruatis
640 1035 780 1119 predicte
794 1035 863 1102 sedi
878 1035 1012 1121 casibus,
1029 1036 1117 1102 robis
1132 1041 1165 1103 et
1180 1035 1311 1103 cuilibet
1325 1041 1466 1102 cosmum

119 1121 263 1188 debitam
295 1121 527 1190 absolutionem
560 1122 742 1206 impendere
775 1141 813 1189 ac
844 1123 1009 1205 iniungere
1042 1124 1251 1207 penitentiam
1287 1121 1462 1190 salutarem

118 1226 267 1276 necnon
292 1227 348 1276 ros
381 1215 414 1277 ct
444 1208 617 1292 quemlihet
645 1215 786 1278 veroum
815 1230 835 1277 a
865 1210 1102 1293 quibuscunque
1124 1209 1465 1287 excommunicationis,

118 1295 337 1378 suspensionis
359 1301 392 1362 st
413 1297 572 1366 interdicti
594 1295 728 1381 aliisque
751 1297 901 1383 censuris,
925 1299 1090 1364 sententiis
1112 1302 1145 1365 et
1161 1299 1251 1380 penis
1274 1318 1294 1366 a
1316 1297 1385 1365 iure
1407 1315 1466 1363 seu

119 1381 249 1450 homine
278 1382 494 1468 promulgatis,
525 1385 622 1452 etiam
654 1385 688 1450 in
722 1385 846 1451 casibus
878 1384 999 1468 prefate
1030 1386 1099 1452 sedi
1130 1385 1312 1467 reserastis,
1340 1384 1466 1468 quoties

121 1469 271 1537 similiter
301 1478 513 1553 opportunum
543 1471 652 1557 fuerit,
679 1471 853 1555 absolvere,
883 1475 917 1536 et
948 1490 1019 1538 cum
1040 1471 1140 1552 uobis,
1167 1491 1205 1540 ac
1226 1477 1368 1540 restrum
1391 1489 1468 1554 quo·

121 1556 267 1638 quolibet
290 1577 386 1642 super
407 1557 704 1641 irregularitatihus,
728 1559 755 1624 si
771 1577 849 1642 quas
864 1557 1043 1626 huiusmodi
1059 1560 1225 1627 sententiis
1239 1559 1341 1647 ligati,
1354 1560 1468 1625 missas

120 1649 154 1711 et
176 1643 243 1712 alia
265 1645 375 1713 diuina
396 1643 509 1729 citima,
532 1665 593 1713 non
613 1651 718 1714 tamen
738 1647 772 1712 in
795 1650 1007 1729 contemptum
1030 1646 1167 1714 clarium
1189 1645 1388 1731 celebranda,
1413 1651 1469 1714 aut

117 1729 328 1799 immiscendo
350 1752 385 1799 se
406 1732 472 1800 illis
494 1752 550 1800 seu
571 1731 652 1802 alias
674 1733 954 1816 quomodocunque
976 1736 1156 1813 contractis,
1180 1733 1342 1800 homicidii
1359 1732 1467 1801 volun·

119 1819 205 1896 larii,
229 1819 444 1888 mutilationis
466 1821 678 1888 membrorum
700 1825 733 1888 et
755 1821 891 1903 bigamia
914 1822 1040 1890 casibus
1062 1821 1214 1905 predictis
1237 1823 1391 1888 duntaxat
1415 1839 1469 1888 sx-

119 1906 232 1988 ceptis,
259 1906 451 1992 dispensare,
472 1927 659 1992 omnemque
680 1927 701 1974 a
721 1909 812 1976 vobis
834 1915 867 1974 et
889 1908 1032 1990 quolibet
1054 1915 1194 1976 restrum
1208 1907 1420 1976 inhabilitatis
1436 1913 1470 1974 et

118 1991 252 2061 infande
281 1993 439 2062 maculam
468 1995 538 2062 sius
569 2003 684 2078 notem,
715 2014 773 2079 per
802 2015 857 2062 ros
879 2001 912 2062 et
934 1996 1108 2080 quemlibet
1134 2001 1275 2062 vestrum
1297 1993 1467 2078 quomodo·

119 2097 249 2164 cunque
279 2086 474 2150 contractam
507 2081 635 2150 abolere
664 2102 723 2151 nec
753 2101 815 2150 non
847 2083 937 2150 vobis
968 2084 1002 2150 in
1031 2082 1214 2150 sinceritate
1236 2082 1322 2167 fidei,
1346 2083 1469 2148 unitate

118 2173 231 2236 sancte
262 2187 393 2236 romane
423 2167 553 2237 ecclesie
583 2175 617 2238 et
644 2169 811 2238 deuotione
841 2175 1011 2238 nostrast
1040 2189 1258 2238 successorum
1287 2174 1469 2238 nostrorum

118 2272 327 2324 romanorum
356 2256 539 2340 pontificum
568 2259 715 2325 canonice
744 2257 931 2324 intrantium
952 2256 1194 2340 persistentibus
1221 2255 1397 2340 plenariam
1419 2275 1468 2324 re

118 2343 306 2411 missionem
327 2343 360 2410 in
383 2347 495 2412 mortis
526 2344 667 2428 articulo,
698 2363 791 2427 quam
821 2345 915 2410 etism
950 2343 1123 2426 quemlibet
1145 2348 1294 2424 veebum,
1319 2362 1413 2427 quem
1434 2343 1468 2410 in

116 2427 304 2498 huiusmodi
321 2430 462 2512 articulo,
478 2431 667 2499 confessoris
682 2431 803 2516 copiam
820 2450 882 2498 uon
897 2431 1014 2498 habere
1029 2431 1234 2514 contingeret,
1250 2431 1419 2499 dummodo
1435 2431 1469 2496 in

118 2535 196 2585 rara
211 2518 401 2586 contritione
415 2520 592 2599 decederet,
608 2519 756 2602 consequi
771 2517 925 2605 volumus,
941 2520 1111 2586 concedere
1126 2517 1255 2586 valeant
1265 2539 1273 2600 ;
1285 2525 1328 2610 ¹et
1340 2519 1470 2600 insuper

118 2605 205 2688 quod
229 2605 347 2672 batres
369 2605 486 2673 vicarie
507 2606 656 2690 predicte,
685 2605 738 2688 qui
771 2610 845 2672 sunt
874 2609 907 2671 ct
929 2625 987 2688 pro
1008 2611 1151 2690 tempore
1173 2611 1268 2673 erunt
1295 2606 1402 2673 idonei
1424 2607 1466 2672 sd

117 2693 377 2760 annunciandum
408 2693 538 2760 verbum
567 2693 628 2760 Dei
658 2712 730 2760 cum
758 2691 888 2759 licentia
910 2697 1018 2760 tamen
1039 2693 1173 2760 Fabiani
1196 2699 1253 2761 aut
1274 2693 1385 2760 ricard
1408 2711 1466 2774 pro

118 2783 266 2864 ternpore
288 2779 478 2862 huiusmodi,
501 2780 555 2864 qni
577 2779 674 2848 etiam
696 2781 816 2862 absque
837 2779 968 2862 capituli
991 2781 1248 2864 congregacione,
1272 2781 1312 2848 de
1334 2779 1466 2847 consilio

116 2865 301 2950 aliquorum
323 2866 457 2935 fratrum
479 2869 695 2950 discretorum,
724 2867 847 2950 quotics
870 2886 949 2950 opus
971 2867 1077 2953 fuerit,
1099 2869 1232 2935 verbum
1254 2867 1316 2935 Dei
1339 2867 1466 2949 publice

117 2959 185 3020 tam
208 2954 244 3020 in
267 2954 382 3022 vesum
403 2972 498 3038 quam
518 2954 591 3022 aliis
620 2953 761 3022 ecclesiis
790 2960 823 3020 et
844 2952 922 3021 locis
946 2955 1081 3036 publicis
1103 2955 1280 3039 ciuitatum,
1303 2959 1464 3022 terrarum

117 3045 151 3106 ct
172 3039 328 3122 locorum,
353 3041 474 3124 prelata
495 3041 612 3110 uicaria
634 3041 864 3110 ordinariorum
885 3039 1035 3122 locorum,
1051 3040 1245 3126 prelatorum
1260 3041 1465 3110 ecclesiarum

116 3127 314 3196 stallorum
337 3145 593 3212 quorumcunque
621 3127 752 3196 licentia
778 3128 913 3212 desuper
940 3127 1122 3196 nullatcnus
1152 3129 1315 3214 requisita,
1338 3125 1465 3213 publice

11 3265 12 3268 ,
115 3233 307 3299 proponere,
329 3215 375 3283 ita
399 3221 505 3282 tamur
547 3217 631 3298 quod
660 3215 687 3283 si
717 3216 750 3282 in
773 3213 1016 3298 metropolitana
1046 3221 1102 3283 aut
1124 3215 1197 3284 aliis
1219 3215 1465 3297 cathedralibus,

116 3322 174 3370 sen
199 3301 387 3386 collegiatis,
412 3304 462 3369 rel
484 3268 663 3386 aliquorum
685 3303 830 3370 ordinum
851 3301 994 3369 ecclesiis
1016 3303 1181 3388 predicare
1203 3302 1371 3384 voluerint,
1394 3321 1465 3386 prc-

116 3388 262 3458 latorum
285 3391 467 3464 eorumdem
489 3389 649 3458 licentiam
672 3390 814 3458 obtinere
835 3395 1013 3457 teneantur.
1031 3391 1184 3474 Quodque
1200 3410 1255 3458 ros
1279 3395 1312 3458 at
1327 3387 1463 3474 quilibet

115 3483 263 3546 restrum
286 3496 325 3544 ex
347 3478 596 3560 transgressione
618 3495 874 3560 quarumcunque
896 3477 1155 3544 constitutionum
1185 3477 1320 3561 predicti
1343 3477 1465 3544 ordinis

115 3565 318 3648 presentium
341 3571 373 3632 et
388 3565 575 3650 futurorum,
594 3565 773 3648 dummodo,
791 3564 824 3630 in
839 3567 991 3646 quantum
1005 3565 1143 3632 humana
1158 3563 1315 3647 fragilitas
1330 3563 1465 3647 patitur,

11 3719 12 3722 ,
115 3649 268 3734 regulam
290 3653 388 3720 sesni
409 3653 530 3720 ordinis
551 3652 628 3719 dicti
657 3652 811 3720 studeatis
833 3651 1011 3732 observare,
1033 3670 1186 3734 penarum
1207 3651 1335 3717 minime
1362 3650 1465 3717 incur-

11 3783 12 3788 =
115 3739 209 3806 ratis.
232 3737 386 3807 Preterea
408 3739 553 3807 omnibus
576 3744 608 3805 et
630 3737 762 3823 singulis
785 3737 904 3805 Christi
926 3736 1082 3822 fidelibus,
1106 3740 1161 3821 qui
1183 3737 1336 3806 debonis
1359 3737 1463 3806 aDeo

11 3845 12 3854 ¹
116 3826 182 3894 sibi
218 3825 343 3894 collatis
374 3845 470 3892 unum
501 3845 559 3910 pro
582 3826 762 3893 centenario
790 3825 823 3892 id
857 3831 907 3892 est
939 3826 1143 3894 centesimam
1164 3832 1288 3909 partem
1309 3825 1465 3892 bonorum

11 3971 13 3994 ,
116 3932 250 3981 suorum
272 3933 329 3998 pro
350 3911 539 3982 liberatione
568 3911 707 3980 fidelium
737 3913 932 3995 captivorum
959 3914 999 3980 de
1031 3913 1177 3982 manibus
1208 3911 1383 3979 infidelium
1405 3931 1462 3980 seu

11 4013 13 4080 ς
116 4019 177 4085 pro
201 4001 360 4068 erectione
382 4005 415 4070 et
435 4001 672 4069 manutentions
694 4001 857 4068 domorum
880 4005 913 4066 et
933 3997 1073 4068 locorum
1095 4001 1128 4066 in
1144 3999 1281 4084 Scythie,
1297 3999 1459 4067 Mcldauie

11 4101 13 4166 ᾗ
116 4093 151 4155 et
184 4087 465 4174 septemsedilibus
483 4085 670 4155 vSiculorum
698 4087 842 4172 partibus
871 4088 1021 4171 predictis
1050 4089 1204 4154 duntaxat
1233 4107 1291 4171 pro
1314 4095 1459 4172 tempore

11 4209 12 4214 ,
127 4176 413 4244 constituendorum
435 4181 469 4242 et
489 4176 719 4244 sustentatione
741 4175 805 4240 vite
827 4173 971 4254 fratrum,
994 4173 1048 4257 qui
1072 4176 1113 4242 ad
1135 4175 1313 4242 infidelium
1336 4179 1369 4242 et
1392 4193 1460 4257 pre·

123 4263 232 4330 serttm
255 4263 356 4331 dictas
387 4261 516 4348 Scythia
544 4267 651 4345 partes
680 4281 737 4346 pro
759 4267 900 4345 tempore
923 4263 1061 4330 transire
1082 4260 1250 4344 voluerint,
1278 4262 1330 4348 pie
1353 4281 1463 4344 eroga·

123 4351 236 4437 norint,
259 4351 344 4433 quod
366 4349 560 4418 confessores
580 4349 738 4416 seculares
760 4353 792 4415 et
813 4347 976 4432 regulares
998 4351 1095 4417 etism
1117 4367 1156 4417 ex
1177 4349 1276 4430 vobis,
1301 4367 1380 4432 quos
1403 4351 1460 4416 du·

127 4438 226 4504 ierint
248 4437 419 4521 eligendos,
442 4437 690 4504 confessionibus
712 4454 821 4503 sorum
836 4435 1004 4519 diligenter
1019 4436 1135 4504 auditis
1150 4437 1196 4503 eis
1212 4454 1269 4519 pro
1285 4435 1460 4503 commissis

11 4583 13 4596 ,
127 4525 159 4592 sb
184 4525 231 4592 eis
254 4525 442 4608 mcessibus,
458 4524 650 4610 criminibus,
670 4522 804 4604 delictis,
820 4524 853 4589 in
868 4523 1012 4591 omnibus
1027 4524 1123 4592 etiam
1138 4523 1261 4607 prefate
1277 4525 1345 4590 sedi
1360 4541 1463 4590 reser-

11 4655 12 4680 2
127 4612 206 4682 ratis
226 4613 362 4692 casibus,
385 4611 485 4680 semol
506 4617 630 4680 tantum
645 4611 785 4680 debitam
801 4609 1031 4678 absolutionem
1047 4611 1228 4695 impendere
1247 4615 1279 4678 et
1293 4611 1460 4692 iniungere

11 4705 13 4738 ÷
131 4700 328 4769 senitentiam
357 4700 530 4768 salutarem
557 4719 614 4768 nec
643 4717 705 4768 non
735 4700 781 4766 sis
812 4698 846 4764 in
875 4698 1067 4782 sinceritate,
1090 4698 1213 4766 unitate
1235 4703 1268 4766 st
1290 4697 1461 4766 deuotione

11 4815 12 4824 ¹
225 4827 313 4872 asoa.
336 4827 425 4872 mn.
1322 4801 1360 4868 ¹3
