3410 5258
246 312 310 408 aio

549 547 722 644 ttOXXIV.
747 547 840 636 1467,
863 549 917 620 dle
939 549 983 620 24
1004 547 1092 634 itali,
1115 545 1280 620 brumae.

248 669 288 738 In
311 670 448 758 capitolo
468 673 617 758 pasorali,
641 674 790 826 praeside
821 671 879 739 Fr.
908 671 1018 740 Marco
1052 695 1073 738 a
1096 672 1250 758 Bononia,
1273 671 1487 737 commissario
1510 687 1590 754 apo·

246 760 361 844 stoltco,
385 758 503 826 alcario
523 762 666 847 peaerai
687 761 809 826 ardinio
836 762 883 844 fr.
906 759 1054 848 Baptista
1076 782 1097 826 a
1119 759 1266 846 Lacerta,
1295 760 1420 824 interim
1442 757 1479 823 ia
1502 759 1588 822 oica·

245 849 328 912 rium
350 845 473 913 Booaae
494 857 523 914 et
545 847 727 915 Dalmatiae
756 847 883 931 ellpitar
913 849 960 932 fr.
983 848 1170 914 Dominicus
1192 849 1231 913 de
1256 845 1403 928 Goatasa,
1426 848 1456 910 et
1479 841 1590 926 quoad

654 943 819 1002 conventas
837 935 875 1020 fit
896 956 976 1000 aava
999 937 1171 1022 dispositio.

310 1057 392 1123 Item
412 1057 500 1124 iuxta
522 1061 664 1125 tenorem
681 1058 786 1125 brevis
809 1057 974 1142 apostolici
998 1059 1151 1142 (decisum
1172 1062 1231 1141 est,
1254 1057 1304 1142 ut)
1330 1055 1480 1122 mittatur
1501 1052 1593 1118 vica-

247 1144 313 1212 rius
334 1144 439 1211 Boane
469 1151 503 1212 et
534 1144 693 1214 Dalmatio
721 1165 740 1213 a
767 1145 1011 1230 congregatione
1039 1144 1191 1231 aaaron,
1223 1143 1278 1227 qui
1309 1143 1436 1226 utrique
1462 1137 1592 1206 familie

245 1233 354 1316 prosit,
378 1233 583 1315 quoadusquo
604 1251 661 1316 par
682 1232 860 1300 Bounomos
881 1233 997 1301 iratres
1019 1233 1113 1300 simul
1135 1238 1167 1300 et
1189 1231 1388 1299 Dalmatinos
1401 1229 1591 1296 obtineatur

247 1319 287 1387 ab
310 1317 482 1401 apostoliea
512 1321 587 1388 sedo
616 1318 755 1405 desuda,
785 1323 821 1384 ut
847 1337 911 1388 una
940 1339 1063 1404 quoquo
1085 1319 1207 1388 tamilla
1228 1318 1379 1404 vicarium
1400 1315 1463 1384 sibi
1487 1313 1592 1398 possit

246 1403 374 1489 eligere.
399 1404 461 1484 Qui
483 1406 610 1488 quidem
632 1407 768 1475 uacuus
790 1407 932 1490 predicta
953 1408 1082 1477 obtenta
1104 1407 1233 1474 lieentia
1254 1424 1312 1490 pro
1343 1403 1589 1471 conservatione

246 1493 334 1576 pacis
354 1492 438 1558 inter
456 1498 623 1575 utramque
638 1491 798 1576 familiam,
814 1495 1001 1562 auctoritate
1017 1493 1268 1578 congregationis
1283 1489 1449 1576 generalis,
1466 1489 1592 1556 habeat

246 1578 407 1664 applicare
430 1579 492 1646 tria
514 1578 584 1648 loca
606 1580 690 1648 circa
710 1581 843 1648 tauram
865 1581 1042 1664 existentia,
1071 1580 1210 1649 scilicet:
1234 1577 1356 1662 Octaui,
1379 1577 1533 1645 Paemani
1559 1579 1593 1641 ot

246 1671 354 1734 sancto
377 1665 549 1734 Katberine
571 1685 643 1734 eum
666 1668 865 1750 pertinentiis
886 1670 960 1749 suis,
983 1667 1073 1737 libris
1088 1674 1121 1736 ot
1135 1667 1334 1744 utensilibus,
1349 1665 1503 1732 tratribus
1519 1680 1593 1746 pro

246 1754 348 1820 vincio
370 1751 539 1838 Dalmatio,
562 1754 623 1839 ipsi
646 1755 806 1839 provincie
835 1775 873 1822 ea
902 1756 1139 1838 incorporando.
1169 1757 1207 1822 In
1229 1755 1386 1820 dictorum
1408 1757 1517 1818 autom
1542 1767 1593 1815 re·

245 1842 500 1923 compensatione
521 1840 662 1908 locorum
682 1847 830 1910 teneatur
851 1841 1064 1928 paritormitor
1084 1847 1273 1910 conventum
1295 1838 1407 1924 Veglo,
1425 1843 1459 1904 et
1480 1836 1592 1903 loauru

246 1933 338 1994 extra
359 1927 491 2012 Voglom
513 1929 546 1994 in
568 1927 672 1997 insonis
693 1934 727 1997 et
748 1928 852 1996 locum
875 1930 1006 1998 (torsatb
1029 1935 1062 1996 ot
1085 1931 1187 1998 locum
1211 1929 1315 1996 Leane
1337 1945 1411 1994 cum
1426 1925 1593 2010 pertinen-

246 2015 301 2081 tiis
328 2033 446 2098 oerum,
478 2014 569 2082 libris
598 2022 631 2082 ot
659 2016 847 2084 utensilibus
876 2015 1028 2084 iratribus
1043 2065 1051 2082 .
1067 2069 1077 2082 .
1093 2063 1102 2082 .
1117 2017 1236 2092 vicario
1264 2013 1384 2081 Bosim
1412 2014 1592 2096 resignare,

245 2101 377 2184 locaque
399 2104 469 2185 ipsa
490 2101 553 2186 ipsi
574 2103 691 2170 darie
712 2103 925 2186 incorporare.
949 2105 988 2170 ut
1008 2105 1036 2171 si
1050 2102 1159 2187 aliqua
1173 2103 1337 2170 museto
1352 2101 1482 2167 interim
1502 2097 1594 2166 iacta

246 2187 350 2271 luerit,
372 2187 406 2254 in
428 2189 596 2272 pristinum
618 2196 738 2259 statum
759 2192 865 2258 omnia
885 2191 1084 2258 reducantur.
1106 2191 1141 2256 Si
1163 2191 1292 2272 quidem
1313 2188 1462 2256 hosimtio
1478 2183 1592 2267 aliqua

246 2275 329 2342 forto
359 2277 519 2360 continget
549 2277 633 2344 cirea
661 2277 790 2346 mobilia
812 2279 980 2362 antedicta,
1007 2281 1059 2346 cui
1086 2277 1155 2346 loco
1181 2277 1320 2344 habeant
1349 2275 1511 2360 pertinere
1541 2269 1595 2338 val

247 2361 355 2445 aliquo
370 2363 441 2431 'alio
462 2363 545 2432 bono
573 2371 719 2449 respectu
750 2365 959 2447 contingente,
989 2369 1189 2448 perpetrem
1215 2363 1369 2431 vimrinm
1390 2361 1597 2428 antedictum

247 2450 324 2531 quid
346 2449 486 2516 fiendum
507 2451 620 2518 debeat
641 2452 784 2535 iudicari,
808 2453 896 2519 euius
926 2453 1116 2520 conscientie
1138 2456 1240 2518 stetur
1263 2456 1297 2518 ot
1318 2447 1593 2516 determinationi.

247 2537 315 2604 Hoc
337 2537 455 2620 addito,
478 2541 563 2620 quod
578 2540 604 2604 si
620 2557 683 2620 qua
696 2539 835 2624 partium
847 2541 889 2606 ab
904 2539 964 2607 hae
978 2544 1087 2606 nostra
1101 2538 1213 2607 ultima
1228 2537 1386 2606 decisione
1401 2551 1596 2620 quocunque

247 2624 372 2707 quesita
395 2624 499 2691 coloro
522 2643 579 2709 per
600 2627 684 2692 viam
706 2625 792 2692 curia
821 2645 958 2706 romano,
983 2646 1039 2709 por
1061 2645 1096 2694 so
1118 2626 1169 2693 vel
1195 2645 1251 2710 por
1273 2625 1493 2709 interpositam
1516 2639 1596 2706 per-

248 2729 358 2778 sonam
380 2711 616 2794 quomodolibet
642 2714 822 2796 discrepare
854 2715 1080 2798 presumpserit
1105 2713 1156 2781 vol
1185 2712 1308 2796 ahquid
1338 2713 1372 2777 in
1394 2711 1595 2778 maranum

248 2803 448 2883 attemptare,
471 2817 509 2866 eo
530 2801 599 2882 ipso
628 2817 800 2883 acorporo
828 2799 956 2880 familie,
986 2819 1062 2884 pars
1083 2820 1145 2884 que
1167 2799 1375 2880 contravenit,
1398 2798 1525 2880 precisa
1548 2795 1595 2862 ait

249 2891 282 2952 ot
303 2885 508 2970 intelligetur.
528 2886 673 2969 Procopit
696 2905 820 2969 qnoque
848 2888 1014 2970 utriusque
1036 2885 1156 2955 familia
1178 2888 1315 2971 uana,
1338 2904 1379 2952 ue
1406 2885 1528 2951 dames
1552 2885 1595 2950 ab

248 2991 311 3040 uua
333 2971 454 3040 familia
476 2974 517 3040 ad
538 2971 634 3040 aliam
655 2973 858 3076 declinantes,
873 2975 950 3078 ‘sine
972 2974 1101 3078 licentia
1122 2975 1282 3060 inscriptis
1304 2973 1435 3074 obtenta
1457 2977 1491 3038 et
1506 2969 1594 3072 roci·

248 3060 739 3214 ttttttttttttt
755 3061 1297 3227 ratfrit-titillabit
1321 3062 1595 3213 888888ἐὲ

249 3235 343 3300 terris
374 3240 429 3300 aut
456 3236 576 3317 questio
597 3233 667 3302 loca
696 3235 828 3322 recipiat
850 3235 1029 3304 ullomodo
1052 3238 1084 3304 in
1106 3243 1279 3322 posterum.
1306 3235 1387 3300 Item
1410 3232 1495 3316 quod
1512 3231 1596 3298 'loca

248 3321 465 3404 nguseorum
487 3320 649 3389 elamitis
677 3321 741 3388 sint
769 3323 893 3406 precisa
914 3341 1051 3407 curaque
1073 3322 1328 3393 reverendissimi
1355 3321 1456 3406 patris
1479 3317 1596 3385 uranii

249 3408 416 3491 generalis,
438 3407 628 3476 declarando
649 3415 785 3491 quatuor
805 3407 875 3478 loca
896 3430 917 3478 a
936 3410 1089 3478 iratribus
1111 3410 1318 3478 besuensibus
1340 3409 1416 3476 olim
1430 3423 1595 3491 possessu,

250 3495 457 3576 quantumin
479 3496 570 3563 nobis
591 3500 649 3576 est,
673 3496 844 3578 apostolico
875 3499 1027 3582 rescripto
1049 3497 1221 3565 aliud'non
1244 3499 1442 3580 docomontc,
1466 3492 1596 3560 eisdam

249 3582 457 3650 besuensibus
478 3583 645 3668 pertinere.
668 3581 703 3648 Si
724 3588 828 3652 amen
851 3583 967 3651 danao
988 3585 1126 3668 Ragusei
1148 3587 1190 3654 ad
1211 3605 1239 3651 r.
1261 3603 1292 3668 p.
1315 3582 1471 3650 uarium
1493 3599 1598 3664 gono·

249 3667 359 3750 ralom,
382 3677 439 3736 aut
474 3675 581 3754 patros
613 3671 748 3736 desnos
780 3670 986 3755 provinciales
1020 3671 1247 3741 declinaverint
1277 3669 1345 3739 zoio
1376 3669 1536 3736 existendi
1560 3667 1596 3732 in

249 3754 378 3834 lamilia,
402 3757 582 3823 maceditur
603 3777 629 3823 r.
652 3777 682 3840 p.
704 3757 823 3826 deado
843 3756 983 3842 generali
1005 3778 1043 3826 ao
1064 3758 1310 3844 provincialibus
1324 3776 1379 3826 aas
1394 3774 1488 3840 posse
1508 3757 1601 3823 roci-

250 3860 327 3925 pero
348 3847 381 3908 ot
402 3841 555 3910 collocare
576 3845 617 3912 de
637 3842 768 3911 familia.

315 3929 463 3996 Viearius
484 3929 588 3996 Boane
616 3936 650 3996 et
671 3931 830 3998 Dalmatio
854 3931 922 4015 (sit)
945 3935 1136 4001 vororandus
1164 3938 1255 4018 pater
1276 3931 1316 3999 ir.
1338 3930 1529 3997 Dominicus
1551 3929 1597 3997 do

251 4013 395 4098 Gonisss,
418 4021 451 4083 ot
471 4017 531 4084 hoc
552 4019 651 4084 donee
671 4019 844 4100 praemissa
866 4038 962 4103 super
982 4020 1032 4086 his
1054 4021 1167 4088 decido
1189 4019 1336 4088 effectum
1356 4017 1548 4087 sortiantur.

313 4134 441 4190 Tabular.
460 4138 575 4192 vatican.
593 4136 655 4193 cod.
672 4153 738 4194 mss.
757 4155 855 4194 armar.
874 4140 892 4193 2
908 4157 948 4195 nr.
967 4141 1001 4195 23
1018 4140 1066 4197 iol.
1083 4143 1119 4198 88
1136 4145 1165 4197 ot
1181 4143 1225 4197 89.

690 4313 846 4384 MOXXV.
873 4314 965 4398 1467,
989 4315 1030 4386 28
1054 4315 1142 4387 litii.

315 4432 463 4515 Caecilia,
491 4434 580 4502 ducis
607 4433 758 4517 Stephani
785 4437 889 4518 vidua,
912 4438 1039 4520 fatetur,
1063 4439 1291 4507 sordentibus
1319 4436 1393 4504 liliis
1415 4435 1536 4504 Vlatlro
1561 4442 1596 4504 ot

251 4519 411 4605 Stephano
432 4541 453 4589 a
473 4521 612 4605 Ragusio
632 4522 721 4590 millo
743 4543 855 4592 aureos
870 4531 979 4594 mutuo
994 4527 1161 4620 accepisse.
1186 4525 1383 4610 Subscripsit
1401 4526 1484 4594 diac.
1499 4523 1596 4590 Ivira.

270 4663 274 4672 .
313 4623 365 4680 Dr.
381 4627 430 4680 ib.
448 4624 593 4682 Miblodid:
610 4625 793 4684 Monumenta
809 4628 925 4699 corbiae,
942 4646 970 4701 p.
987 4631 1049 4686 501.
