3434 5260
222 238 284 302 492

225 446 433 528 spectatoque
465 465 503 514 uc
533 449 693 531 pertinere
720 449 917 536 debentibus,
948 452 1070 537 patebit
1099 457 1133 522 ot
1164 455 1254 538 patet
1279 469 1319 520 ox
1346 446 1521 519 luculentis
1542 451 1575 516 61

146 541 149 548 ·
229 534 315 598 omni
337 534 518 616 exceptione
540 536 712 605 maioribus
734 539 869 607 testibus
890 558 928 608 ac
949 539 1141 608 testimoniis
1162 545 1195 608 61
1208 539 1281 608 aliis
1298 536 1487 606 lateralibus
1502 533 1575 621 (sie)

228 619 450 687 instrumentis
484 622 601 690 clarius
642 626 799 692 denotatis
840 645 879 694 ac
911 627 1115 708 specificatis,
1151 645 1283 710 quorum
1319 623 1577 694 testimoniorum

224 723 338 774 eorum
362 705 613 777 Christianorum
643 712 675 777 iu
706 713 896 794 quibusdam
926 715 1049 782 actibus
1082 715 1211 800 propria
1232 731 1357 797 quoque
1378 711 1577 796 experientis

225 797 334 860 notam
363 799 396 860 61
426 803 626 879 perspectam
654 799 755 866 babeo
786 802 966 867 ueritatem.
997 803 1081 869 Eum
1109 802 1217 884 itaque
1246 819 1305 884 ego
1327 798 1402 866 licet
1424 797 1577 880 indiguus

228 880 473 948 eminentiorum
507 889 682 952 vestrarum
711 904 822 952 servus
844 892 877 954 et
899 887 1088 972 capellanus,
1115 892 1267 970 tanquam
1289 903 1458 970 personam
1480 885 1577 952 bauo-

227 967 374 1035 meritam
397 973 429 1034 et
450 971 536 1038 omni
558 973 829 1040 commendatione
851 973 980 1056 dignam
1002 975 1117 1042 vestris
1139 973 1329 1056 eminentiis,
1351 989 1424 1039 cum
1447 990 1497 1049 aa,
1514 989 1578 1053 qua

225 1073 284 1139 por
307 1060 357 1121 est
378 1057 560 1124 reverentia
582 1063 614 1124 et
628 1059 846 1140 submissione,
862 1063 1055 1143 commendo,
1072 1066 1228 1144 quatenus
1241 1061 1339 1128 istum
1352 1058 1399 1126 ita
1413 1057 1577 1141 suscipere

226 1145 259 1206 et
281 1141 315 1206 in
337 1142 404 1208 suis
426 1145 573 1224 precibus
595 1147 745 1212 exaudire
769 1147 947 1228 dignentur,
971 1151 1008 1215 111
1030 1154 1063 1215 61
1085 1149 1163 1232 ipse,
1183 1153 1216 1215 61
1236 1165 1295 1232 par
1315 1148 1421 1229 ipsum
1436 1143 1576 1229 populus

224 1225 281 1293 ille
304 1228 373 1295 ueri
396 1229 456 1295 Dei
491 1229 602 1316 cultor,
637 1237 766 1300 sauctae
798 1252 947 1301 romanae
981 1241 1015 1301 et
1041 1234 1216 1302 catholicae
1244 1233 1408 1316 religionis
1437 1229 1577 1314 fideiqne

225 1314 384 1396 professor
406 1322 439 1382 et
460 1317 659 1404 obseruator,
682 1321 864 1387 earumdem
886 1321 1038 1409 fauorem,
1062 1322 1280 1406 patrocinium,
1295 1318 1529 1404 protectionem
1545 1322 1577 1384 et

226 1401 380 1468 auxilium
402 1404 521 1469 sentiat
543 1410 576 1472 et
597 1406 667 1488 pius
690 1407 730 1473 ad
753 1408 856 1472 Deum
872 1407 1119 1490 omnipotentem
1134 1426 1193 1491 pro
1206 1405 1435 1474 incollumitatu
1452 1410 1576 1472 vestra-

226 1505 297 1554 rum
320 1488 563 1556 eminentiorum
597 1511 706 1574 preces
740 1493 889 1576 effundst,
923 1513 961 1562 ac
993 1495 1107 1562 merito
1141 1493 1303 1561 effundere
1324 1498 1483 1560 teneatur.
1508 1489 1576 1574 Ego

225 1591 359 1656 quoque,
382 1576 416 1641 io
439 1582 591 1658 quantum
622 1580 760 1647 tenuitas
789 1580 904 1647 uirium
928 1587 960 1649 et
982 1581 1168 1649 facultatum
1190 1598 1332 1648 mserum
1354 1579 1522 1664 permittet
1543 1579 1576 1643 iu

224 1660 285 1728 huc
314 1664 463 1746 pauperie
494 1671 526 1729 et
555 1666 683 1734 miseria
712 1668 850 1733 faucium
873 1667 1057 1748 Turcarum,
1088 1669 1143 1735 ubi
1172 1668 1278 1747 ipsum
1309 1667 1416 1735 divina
1446 1664 1577 1733 bonitas

224 1749 395 1828 reduxerit,
430 1749 531 1816 eidem
562 1771 623 1818 non
647 1771 717 1820 sum
740 1754 916 1836 defuturus,
940 1755 1103 1838 signanter
1125 1756 1156 1821 in
1179 1753 1293 1822 alendo
1313 1771 1377 1820 uuo
1399 1750 1452 1821 vel
1475 1749 1579 1819 altero

226 1833 328 1915 (aliud
351 1835 435 1902 euim
468 1837 575 1920 inopia
608 1858 680 1906 mea
708 1859 769 1906 noo
802 1841 971 1926 permittit)
993 1843 1110 1926 juvene
1137 1841 1253 1910 scolari
1283 1840 1316 1907 in
1341 1839 1408 1908 illis
1429 1839 1578 1924 peronne

227 1925 311 1999 usto,
337 1923 390 2003 qui
414 1923 531 2006 adepta
560 1926 612 1992 bic
642 1927 786 1994 doctrina
816 1927 985 1995 sufficienti
1007 1927 1084 1996 illuc
1109 1929 1225 2008 redire,
1248 1927 1430 2009 ibidemque
1452 1928 1523 1992 sive
1544 1924 1578 1990 iu

227 2006 382 2074 saeculari
417 2011 484 2076 sive
513 2011 653 2094 regulari
684 2019 769 2081 statu
799 2015 1014 2082 ecclesiastico
1045 2015 1166 2083 cultum
1195 2015 1337 2082 diuinum
1368 2017 1577 2095 mecumque

225 2113 386 2162 romanam
411 2097 598 2165 catholicam
622 2099 716 2166 fidem
746 2107 777 2167 et
800 2102 983 2182 religionem
1009 2120 1197 2187 promouere
1220 2106 1254 2167 et
1276 2117 1451 2185 propagare
1474 2097 1577 2182 meeis

225 2200 263 2248 ac
285 2181 402 2248 ualeat.
435 2184 471 2250 In
501 2185 624 2266 reliquo
653 2205 725 2254 mea
754 2188 932 2256 humillima
963 2190 1116 2271 obsequia
1142 2190 1257 2256 vestris
1279 2187 1460 2254 eminentiis
1483 2185 1576 2253 offer·

223 2286 305 2349 rens,
327 2269 429 2335 eidem
463 2290 573 2352 precor
606 2273 704 2339 vitum
734 2274 939 2356 longeaovam
962 2281 994 2343 61
1016 2296 1140 2343 omnem
1171 2275 1422 2360 prosperitatem
1453 2274 1576 2339 Datum

224 2355 399 2436 Zagrabiae
423 2357 474 2423 dic
497 2364 526 2424 8.
550 2361 668 2425 mensis
683 2360 830 2428 Octobris
844 2369 870 2429 a.
891 2368 983 2432 1658.
1000 2361 1252 2432 Eminentiarum
1270 2366 1443 2429 vestrarum
1460 2377 1575 2426 servus

223 2441 257 2524 in
282 2441 408 2508 Christo
431 2447 733 2526 obsequentissimus
756 2449 869 2515 Petrus
884 2450 1055 2529 Petretich,
1071 2450 1236 2533 episcopus
1251 2447 1473 2530 Zagrebiausis
1486 2445 1573 2530 (sio).

287 2529 441 2596 Adreasa:
465 2532 733 2600 Eminentissimis
756 2554 793 2601 ac
815 2537 1085 2603 reverendissimis
1119 2536 1255 2604 dominis
1287 2533 1368 2602 meis
1400 2533 1574 2601 observan-

223 2613 401 2767 tissimisRs.
425 2635 574 2685 romanae
597 2619 748 2687 ecclesiae
771 2621 984 2690 cardinalibus
999 2623 1127 2707 negotio
1142 2622 1365 2708 propagandae
1381 2619 1456 2689 fidei
1479 2638 1573 2704 prae

222 2701 334 2784 positis
386 2723 485 2770 omas.

290 2789 328 2854 In
351 2791 463 2857 dorso:
494 2792 615 2859 Dentro
645 2794 675 2858 vi
699 2813 775 2860 sono
806 2794 887 2862 altre
917 2800 999 2862 66116
1024 2793 1139 2863 1611616
1170 2795 1297 2864 diuerso
1326 2795 1359 2862 iu
1387 2811 1575 2864 raooomau·

222 2873 350 2943 datione
373 2877 425 2944 del
448 2897 578 2947 vescovo
602 2881 634 2948 di
657 2881 815 2964 Belgredo
837 2882 876 2948 fr.
899 2881 1021 2950 Matteo
1044 2882 1196 2950 Belinich.

287 2996 416 3052 Tabular.
434 3014 563 3070 congreg.
582 3000 616 3055 de
638 3017 753 3072 propag.
772 3002 827 3057 fide
844 3019 870 3057 v.
889 3003 942 3059 310
960 3003 977 3059 f.
997 3004 1039 3058 63.

492 3151 496 3160 ·
609 3158 882 3226 ncucnnxxv.
909 3158 1189 3245 1111111111

223 3276 281 3345 Fr.
312 3276 402 3343 Petri
423 3277 551 3344 Niboiii
583 3280 652 3347 orci.
687 3282 801 3347 misor.
836 3280 1021 3364 prouinciae
1054 3279 1235 3364 Bosaensis,
1269 3280 1383 3346 ricard
1410 3279 1574 3365 generalis

222 3366 358 3450 episcopi
381 3365 571 3451 Zoprobicn.
603 3369 772 3450 descriptio
795 3371 931 3433 oinniom
949 3369 1177 3450 parochiarum
1211 3367 1390 3450 Sioooaioc,
1413 3388 1494 3453 quos
1516 3367 1573 3433 ille

441 3455 627 3538 pertinuisse
647 3455 780 3540 putabat
802 3455 846 3519 ad
869 3457 1078 3540 episcopatum
1102 3454 1353 3538 Zaprabiensrm.

288 3573 379 3640 Anno
407 3579 499 3657 1660,
523 3577 574 3643 diu
597 3580 647 3645 28.
669 3577 756 3644 Maii.
780 3578 817 3642 In
840 3577 890 3644 dei
914 3578 1048 3643 nomine.
1068 3575 1162 3658 Cura,
1185 3575 1351 3658 vigilantia
1373 3579 1406 3641 61
1428 3573 1573 3644 solicitu-

223 3660 296 3726 dine
318 3660 526 3728 illustrissimi
550 3669 582 3730 ct
597 3664 850 3731 reverendissimi
866 3664 992 3745 domini,
1015 3664 1133 3729 domiui
1149 3663 1237 3729 Petri
1252 3662 1414 3730 Petretich
1429 3662 1572 3746 episcopi

224 3746 377 3814 ecclesiae
401 3750 623 3833 zagrabiensis,
647 3750 781 3816 feliciter
804 3753 937 3816 eandem
959 3751 1109 3833 regentis,
1137 3755 1343 3816 1660116166
1357 3747 1434 3816 maii
1449 3749 1502 3817 die
1519 3755 1572 3817 28.

221 3854 282 3918 per
312 3853 363 3900 ms
394 3834 525 3901 fratrem
557 3839 696 3916 Petrum,
732 3837 851 3903 ordinis
878 3838 1008 3903 minoris
1038 3837 1216 3918 provinciae
1238 3836 1362 3904 Bornos
1384 3835 1573 3919 argentinae

222 3921 298 3987 olim
333 3923 494 3986 custodem
528 3928 560 3987 61
595 3931 719 4006 patrem
753 3925 836 3989 inter
869 3923 1075 4008 provintiales
1097 3943 1174 3990 suae
1207 3922 1393 4007 provintiae,
1425 3939 1485 3990 neo
1506 3941 1572 3992 uon

222 4007 431 4074 eiusdemmet
454 4009 640 4092 amplissimi
664 4010 820 4090 praesulis
843 4011 876 4076 in
899 4011 1117 4094 spiritualibus
1139 4011 1300 4094 vicarium,
1323 4014 1398 4076 tuno
1417 4009 1574 4094 temporis

221 4094 305 4160 inter
338 4094 455 4161 Savum
487 4101 520 4160 et
543 4097 682 4162 Dravum
713 4099 772 4164 sub
802 4097 922 4164 turcico
952 4099 1071 4164 ditione
1101 4098 1142 4164 ab
1164 4098 1274 4164 eodem
1296 4095 1488 4179 institutum,
1513 4115 1573 4180 pa-

220 4180 354 4257 rochias,
385 4182 548 4264 parochos,
580 4183 729 4250 ecclesias
751 4190 938 4267 caeteraque
961 4184 1140 4252 necessaria
1160 4183 1194 4249 in
1215 4183 1266 4250 his
1287 4183 1433 4265 partibus
1458 4201 1572 4266 zagra-

221 4268 341 4334 biensie
376 4269 531 4335 dioecesis
565 4268 701 4336 fideliter
734 4277 767 4337 61
799 4273 931 4355 sincero,
954 4273 1003 4338 uti
1032 4274 1243 4355 adpraesens
1265 4273 1391 4352 tempus
1417 4269 1571 4355 existunt,

223 4355 351 4437 scriptis
374 4361 503 4422 enotata
525 4361 622 4438 atque
638 4357 706 4440 ipso
721 4358 935 4425 illustrissimo
952 4364 984 4424 et
999 4357 1263 4425 reverendissimo
1278 4355 1404 4423 domino
1419 4355 1570 4441 episcopo

222 4441 421 4523 zagrabiensi
445 4441 563 4510 oblata.
595 4444 745 4526 Inprimis
766 4447 850 4513 inter
873 4445 989 4512 Savum
1012 4450 1045 4511 61
1067 4446 1208 4511 Dravum
1231 4443 1347 4512 1111611111
1367 4441 1484 4512 saltem
1506 4444 1573 4512 duo

220 4529 414 4596 monasteria
451 4535 560 4598 nostra
596 4530 732 4599 fratrum
765 4535 923 4599 minorum
956 4533 996 4598 de
1028 4533 1231 4599 observantia
1263 4529 1365 4600 61111611
1387 4529 1571 4598 draucisci:

223 4614 384 4699 Velichae‚
418 4616 537 4685 dictum
561 4620 662 4688 sancti
693 4619 861 4704 Augustini
892 4620 1089 4701 confemorie,
1120 4619 1292 4688 Naeuianus
1320 4617 1442 4688 dictum
1468 4616 1570 4688 anco
