3410 5258
1406 231 1468 296 295

120 437 228 503 dicere
249 443 359 520 posset
381 435 433 505 vel
461 455 496 503 se
525 435 625 514 tueri;
648 435 836 520 promittens
865 435 996 518 insuper
1017 436 1123 502 dictus
1145 436 1302 520 Georgius
1325 438 1471 506 venditor

121 542 179 604 per
200 543 236 590 se
259 542 400 607 suosque
421 523 553 590 heredes
576 527 610 589 et
624 541 821 590 successores
837 523 896 606 ipsi
913 523 1051 606 Georgio
1067 525 1201 605 emptori
1217 543 1275 608 pro
1290 543 1326 590 se
1341 525 1471 607 suisque

119 611 292 678 heredibus
315 620 348 679 et
370 611 602 678 successorihus
623 608 790 694 stipulanti
813 609 841 676 ei
864 608 916 675 vel
931 609 1000 677 eins
1015 611 1186 678 heredibus
1207 611 1247 678 de
1262 611 1350 678 dicta
1376 613 1471 680 vinea

120 699 221 779 litem,
246 699 442 779 questionem
466 697 517 762 vel
540 695 716 764 molestiam
751 695 816 764 nllo
839 701 982 780 tempore
1004 715 1066 764 non
1089 696 1188 764 intere
1212 717 1270 764 nec
1292 698 1394 766 iniere
1417 718 1471 764 vo·

121 785 202 852 lenti
226 785 415 851 consentire.
449 783 510 850 Sed
543 783 660 852 dictam
690 783 814 850 vineam
847 783 877 850 ei
907 789 941 848 et
964 785 1032 850 eins
1060 783 1230 851 heredibus
1258 785 1298 852 ab
1332 785 1470 866 homine,

121 891 270 953 persona,
294 871 461 954 communi,
484 869 618 953 collegio
647 879 681 938 at
710 870 916 938 universitate
945 869 1089 952 legitime
1110 869 1280 938 defendere
1302 871 1472 939 discalum·

121 959 235 1042 pniare
259 963 292 1024 et
314 959 477 1025 discuaare
507 966 539 1024 et
569 957 764 1024 auctorizare
793 958 827 1022 in
849 957 966 1024 iudicio
989 963 1022 1022 et
1044 963 1144 1038 extra,
1167 963 1200 1024 et
1221 958 1339 1026 dictam
1362 959 1471 1026 vendi·

4 1071 5 1076 ¹
120 1046 244 1112 tionem
267 1051 301 1111 et
322 1047 427 1112 omnia
449 1050 482 1112 et
504 1045 629 1128 singula
650 1045 866 1128 suprascripta
888 1048 921 1110 et
942 1043 1143 1126 infrascripta
1158 1051 1311 1128 perpetuo
1326 1045 1419 1114 firma
1439 1050 1472 1112 et

4 1197 5 1200 ,
119 1138 193 1200 rata
215 1133 336 1198 habere
366 1137 399 1197 et
420 1137 530 1198 tenere
560 1139 593 1199 et
621 1149 783 1214 nunquam
812 1131 1028 1198 contrafacere
1057 1131 1109 1196 vel
1141 1132 1248 1199 venire
1277 1149 1335 1216 per
1361 1151 1396 1200 se
1419 1132 1471 1200 vel

120 1218 222 1288 adum
245 1218 355 1302 aliqua
383 1219 518 1302 racione,
551 1237 646 1286 cansa
675 1217 727 1284 vel
757 1219 884 1300 ingenio
906 1219 946 1285 de
976 1219 1044 1284 iure
1066 1217 1117 1284 vel
1139 1217 1180 1284 de
1202 1217 1285 1286 facto
1308 1221 1367 1287 sub
1390 1239 1473 1303 pena

121 1305 265 1389 dupplici
287 1306 495 1390 stipulacione
517 1306 669 1388 premissa
683 1304 859 1372 refeccione
874 1305 1013 1372 omnium
1027 1306 1247 1390 dampnorum,
1263 1324 1472 1387 expensarum

120 1399 154 1460 et
177 1393 335 1460 interesse
367 1399 400 1459 et
430 1394 488 1460 sub
518 1391 714 1474 obligacione
742 1391 881 1458 omnium
913 1410 1041 1458 suorum
1077 1393 1229 1458 bonorum
1252 1393 1415 1460 mobilium
1439 1398 1473 1460 et

121 1479 333 1546 immobilium
357 1479 555 1564 presencium
576 1485 608 1546 et
630 1479 810 1547 futurorum
827 1530 834 1543 .
853 1527 886 1546 ..

187 1569 209 1650 †
231 1567 304 1650 Ego
325 1566 466 1633 loannes
489 1565 604 1632 Saccus
626 1566 666 1632 de
689 1565 808 1644 Laude,
832 1565 989 1649 imperiali
1008 1565 1199 1633 auctoritate
1221 1565 1367 1648 publicus
1382 1572 1471 1636 nota·

121 1653 190 1720 rius
213 1672 253 1721 ac
274 1654 368 1720 iudex
390 1653 569 1720 ordinarius
591 1658 624 1718 et
646 1651 854 1720 caricellarius
875 1653 998 1719 iuratus
1021 1653 1195 1719 communis
1222 1652 1347 1736 Segnis,
1371 1656 1473 1721 omni·

122 1741 183 1810 hus
205 1740 359 1824 predictis
388 1739 520 1806 interlui
537 1789 544 1804 .
562 1789 593 1807 ..
617 1739 804 1822 scripsi...
828 1739 988 1824 publicani
1018 1740 1207 1823 signumque
1238 1759 1340 1808 meum
1370 1737 1473 1810 tabel-

122 1827 264 1895 lionatus
287 1826 420 1911 apposui
443 1831 476 1892 et
498 1843 549 1893 me
570 1823 753 1909 subscripsi.

187 1931 234 1986 Ex
252 1930 378 2001 original.
396 1929 425 1985 iu
442 1929 561 1985 tabular.
576 1935 702 1985 convent.
720 1929 795 1985 fratr.
814 1929 911 1986 minor.
929 1931 1055 1986 Tracten.
1074 1931 1102 1984 iu
1122 1928 1244 1985 Oroatia.

421 2103 610 2170 MCLXXV.
638 2102 732 2190 1486,
755 2103 776 2172 8
798 2102 1001 2180 Novembris,
1025 2103 1178 2191 segniae.

127 2227 262 2294 Jadiecs
285 2230 364 2311 reqii
383 2248 444 2312 pro
467 2227 636 2293 audiendis
658 2228 860 2310 querimoniis
883 2227 1035 2312 deputati,
1058 2228 1177 2292 auditis
1200 2225 1328 2293 testibus
1351 2233 1379 2291 ct
1401 2226 1475 2292 visis

125 2314 348 2381 instrumentis
366 2314 541 2400 productis,
572 2315 751 2400 decernant,
785 2322 820 2380 at
842 2313 956 2379 Petrus
979 2316 1160 2401 capitaneus
1182 2316 1331 2399 sepniatis.
1353 2313 1474 2396 fratres

125 2403 312 2468 monasterii
344 2403 511 2467 traciensis
542 2404 577 2466 ia
608 2402 778 2466 dominium
810 2409 838 2466 el
866 2403 1088 2485 possessionem
1121 2399 1263 2468 Griiane
1289 2403 1474 2466 auctoritate

648 2487 735 2572 rapio
765 2489 955 2554 introducat.

188 2611 258 2679 llos
282 2611 512 2696 caparacie
535 2612 576 2678 de
598 2610 732 2693 Giurgii,
756 2609 909 2692 magister
931 2610 1101 2676 ianitorum
1124 2608 1277 2692 reginalis
1299 2608 1475 2675 maiestatis

4 2701 5 2704 ’
125 2703 158 2768 et
180 2718 289 2766 comes
311 2697 442 2766 Tolnen.
465 2717 503 2766 ac
525 2699 678 2780 magister
700 2698 839 2765 loannes
862 2698 901 2762 de
920 2696 1086 2764 Korathna
1119 2715 1223 2763 comes
1255 2693 1419 2777 Simigien.
1441 2699 1475 2760 et

4 2839 6 2876 ,
125 2785 367 2870 protonotarius
389 2785 572 2870 palatinalis
594 2789 627 2851 et
649 2784 682 2849 in
705 2784 812 2866 regnis
837 2782 1011 2862 sclavanie,
1036 2747 1195 2848 Dalmatis
1218 2787 1250 2848 et
1267 2780 1396 2849 Oroatis
1416 2799 1474 2864 pro

127 2872 336 2941 exaudiendis
365 2872 640 2954 providendisque,
672 2870 908 2953 complanandis
941 2873 974 2935 et
1007 2869 1237 2951 distinguendis
1271 2867 1476 2950 querimoniis

126 2965 315 3026 cunctorum
337 2959 514 3028 incolarum
538 2959 692 3026 dictorum
714 2975 884 3038 regnorum
906 2975 963 3038 per
985 2955 1105 3038 regiam
1128 2955 1380 3022 commissionem
1394 2953 1475 3020 iudi·

4 3055 5 3118 3
126 3067 179 3115 ces
206 3065 281 3112 cum
316 3045 410 3129 plena
440 3046 630 3112 auctoritate
652 3045 808 3128 deputati,
840 3043 991 3108 memorie
1021 3043 1274 3108 commendamus
1304 3046 1337 3108 et
1366 3047 1475 3107 tenore

4 3161 5 3206 ;
126 3134 330 3218 presencium
355 3131 576 3218 significamus,
608 3131 723 3214 quibus
753 3130 879 3214 expedit
907 3129 1079 3195 universis:
1111 3127 1203 3206 Quod
1228 3128 1319 3195 nobis
1341 3127 1475 3194 sabatho

4 3251 6 3276 v
127 3220 274 3304 proximo
296 3227 368 3302 pest
390 3221 505 3288 festum
527 3219 667 3286 omnium
689 3223 869 3285 sanctorum
890 3217 923 3281 in
946 3215 1076 3283 civitate
1099 3214 1265 3297 Segniensi
1288 3216 1329 3282 ad
1344 3214 1476 3282 audiam

128 3309 202 3376 dum
234 3311 270 3374 et
298 3307 530 3374 discutiendnm
560 3305 774 3389 querimonias
804 3321 909 3369 coram
938 3303 1029 3368 nohis
1061 3300 1256 3384 querulando
1289 3299 1473 3368 sedentibus

127 3394 289 3461 Martinus
312 3393 430 3460 Oresta
451 3395 491 3462 da
513 3393 691 3460 Rachoviza
713 3409 772 3475 pro
793 3389 953 3472 religiosis
975 3389 1127 3456 iratribus
1145 3389 1286 3455 custodie
1301 3387 1476 3470 guardiano

4 3517 6 3566 3
128 3501 166 3548 ac
187 3481 288 3548 certis
309 3481 461 3548 fratribus
493 3481 611 3546 ordinis
641 3499 667 3544 s,
699 3476 858 3544 Francisci
889 3478 928 3542 de
958 3476 1160 3544 observantia
1190 3476 1224 3540 in
1254 3473 1389 3540 ecclesia
1418 3491 1476 3540 seu

4 3575 6 3648 ξ
129 3567 272 3634 claustro
294 3568 389 3634 beate
410 3568 543 3649 virginis
566 3566 678 3650 Maria,
707 3566 740 3630 in
769 3563 914 3630 districtu
945 3561 1090 3642 Vinodol,
1114 3580 1213 3646 prope
1235 3567 1375 3628 castrum
1398 3559 1476 3626 Ter-

4 3687 6 3708 2
128 3655 200 3721 sath
225 3659 383 3736 vocatum,
405 3653 537 3721 fundato
563 3651 762 3736 degentibus,
794 3668 865 3716 cum
895 3648 1119 3732 procuratoriis
1147 3647 1264 3714 litteris
1294 3648 1476 3714 eorumdem

129 3741 300 3808 demedio
323 3748 497 3808 ceterorum
521 3738 757 3821 querulantium
778 3738 811 3802 in
834 3737 914 3802 irem
937 3753 1091 3817 exurgens
1114 3743 1224 3800 contra
1239 3733 1475 3817 Hieronymum,

4 3809 6 3864 ῖ
130 3829 250 3895 goniko
273 3828 402 3910 dictum,
434 3826 643 3911 personaliter
674 3828 906 3908 comparentem
934 3823 1100 3906 proposuit
1129 3841 1167 3888 eo
1189 3821 1293 3900 modo,
1320 3821 1476 3902 quomodo

129 3915 351 3999 superioribus
386 3915 580 3997 temporibus
613 3913 771 3994 quondam
805 3909 974 3993 Martinus,
997 3907 1143 3974 similiter
1167 3907 1294 3987 Seniue,
1319 3905 1477 3988 generalis

129 4003 319 4086 capitaneus
350 4001 529 4082 segniensis
561 4000 644 4066 Noui
667 4003 700 4064 et
722 3998 837 4076 Bribir,
861 4002 1100 4077 ceterorumque
1124 4000 1300 4062 castrorum
1321 3993 1478 4075 regalium

130 4096 277 4174 tempore
310 4089 359 4154 sni
393 4089 619 4169 capitaneatns,
655 4087 814 4169 quandam
851 4083 1081 4165 possessionem
1114 4099 1170 4148 seu
1205 4079 1311 4147 villam
1344 4080 1478 4163 predicti

136 4177 263 4244 -laustri
287 4177 380 4242 beate
411 4173 553 4258 virginis,
585 4173 720 4240 Grisane
751 4175 906 4248 vocatam,
938 4169 970 4234 in
994 4169 1140 4234 districtu
1170 4165 1306 4234 Vinodol
1328 4167 1479 4248 habitam,

140 4281 202 4330 :um
225 4264 294 4332 suis
316 4263 438 4330 cunctis
461 4261 652 4329 utilitatibus
675 4265 707 4326 et
729 4257 929 4342 pertinentiis
951 4254 1145 4336 quibuslibet
1159 4254 1278 4320 iniuste
1296 4257 1328 4320 et
1346 4253 1477 4334 indigne

136 4371 189 4434 pro
212 4371 248 4418 se
271 4352 341 4434 ipso
364 4354 548 4431 occupasset
577 4352 835 4431 occupatamqne,
868 4343 1016 4425 quamdiu
1039 4341 1274 4426 supervixisset,
1297 4339 1409 4405 illicite
1431 4345 1478 4404 te·

136 4439 263 4520 auisset,
287 4438 415 4503 tandem
447 4436 612 4502 vocatione
641 4435 749 4500 divina
771 4435 842 4515 ipso
873 4449 891 4496 e
921 4429 1028 4498 seculo
1051 4429 1235 4512 decedente,
1257 4427 1343 4494 idem
1365 4425 1478 4493 Hiero-

4 4521 5 4582 }
136 4544 244 4608 aymus
269 4523 396 4606 Sonilro,
427 4523 527 4596 haten
559 4522 636 4588 dicti
663 4519 802 4596 Martini,
834 4517 880 4584 sic
909 4515 1049 4584 indebite
1079 4521 1262 4598 occupatam
1291 4517 1416 4578 teneret
1446 4517 1478 4578 et

4 4607 5 4638 l
152 4616 334 4680 umervaret
357 4613 397 4679 de
425 4609 567 4693 presenti
596 4609 628 4674 in
658 4606 866 4692 preiudicium
896 4607 929 4669 et
964 4605 1111 4670 damnum
1134 4600 1269 4686 predicti
1291 4598 1423 4666 claustri
1446 4603 1478 4666 et
