3428 5256
255 251 319 318 222

621 457 731 528 cmm.
759 459 851 544 1455,
875 459 1228 551 subpullulante.

322 579 465 650 calixtus
493 581 554 650 PP.
584 583 645 649 Ill.
674 584 744 666 regi
773 584 897 654 Β55555
926 587 1090 670 promittit,
1113 585 1198 654 bello
1219 585 1339 653 turcico
1361 583 1499 653 feliciter
1521 601 1595 650 ron

256 668 347 747 lecto,
371 669 516 738 515115155
539 667 664 753 aliaque
686 671 765 753 loca,
787 693 809 742 a
831 673 942 742 155515
965 674 1015 741 551
1030 675 1102 741 aliie
1117 673 1297 754 baronibus,
1320 673 1375 756 qui
1397 693 1418 739 a
1440 670 1598 772 fidelitate

256 753 444 837 deiecerant,
467 762 619 842 55555515
641 759 745 827 eidem
770 761 857 844 ,5551
879 764 917 830 a'c
931 760 1090 847 Stephano
1105 759 1169 828 filio
1185 811 1193 827 .
1212 812 1221 827 .
1240 760 1438 829 ο5155555115
1456 763 1597 844 pusterla

255 848 288 910 et
309 842 517 912 haeredibus“
541 847 607 912 suis
629 847 812 914 restitutum
834 848 884 914 iri.

255 931 394 1086 Mailliet
417 931 536 1002 Romae
558 935 642 1018 apud
664 953 689 1002 s.
713 933 844 1004 Petrum
866 955 918 1004 an.
940 935 1166 1004 incarnationis
1187 935 1272 1003 dom.
1297 933 1380 1000 1455
1403 933 1508 1018 pridie
1530 929 1597 1001 lral

335 1068 342 1097 ,
366 1037 417 1086 an.
438 1045 460 1086 1.

317 1121 342 1177 L
360 1122 388 1177 S.
406 1121 567 1180 5555515515
583 1123 733 1180 Kalendae.
750 1125 817 1182 secl.
834 1126 954 1182 5515555.
972 1130 1040 1184 tona
1058 1125 1095 1196 V,
1113 1143 1141 1198 p.
1160 1126 1204 1184 85.

620 1299 749 1369 GMLH.
776 1300 869 1385 1455,
893 1303 935 1372 22
957 1301 1045 1384 hail,
1069 1299 1227 1373 1155515.

318 1419 494 1506 1551151555,
506 1423 765 1508 5551155555155,
778 1425 972 1508 Stephanum
987 1425 1168 1506 „Zandalii'
1193 1423 1378 1510 vojerodam
1396 1422 1598 1526 1155555555

253 1505 412 1592 hortatur,
438 1515 492 1588 ,51
506 1530 577 1578 cum
599 1512 728 1580 civitate
749 1513 936 1598 Fagoaiensi
954 1514 1075 1582 5155551
1095 1515 1130 1580 15
1146 1516 1239 1598 pace·
1258 1529 1361 1596 neque
1376 1529 1407 1580 er
1421 1511 1599 1594 quidquam

253 1594 328 1662 meli
350 1595 468 1664 inferat
489 1598 540 1665 rel
561 1598 681 1667 bellum
703 1600 737 1666 in
759 1619 829 1667 eam
851 1606 985 1670 moveat.
1316 1663 1319 1669 .

317 1683 436 1750 Datum
457 1684 597 1771 Wyenne
612 1685 693 1756 15515
708 1687 820 1771 quinta
834 1690 978 1774 proxima
992 1694 1065 1758 ante
1080 1687 1196 1756 festum
1211 1687 1438 1756 Pentbecoetes
1452 1703 1540 1755 auno
1550 1735 1559 1751 .
1570 1735 1599 1750 ..

254 1792 408 1837 uoooonv.
427 1822 459 1838 ..

316 1872 349 1930 P.
368 1874 519 1932 55555
537 1874 647 1934 saeuo
664 1877 725 1935 nor.
743 1877 767 1948 1,
787 1895 815 1952 p.
834 1879 894 1936 555.
911 1862 1029 1948 muse:
1047 1879 1085 1948 x,
1102 1879 1145 1936 se.

613 2053 756 2122 OMLIII.
784 2054 875 2141 1455,
899 2056 938 2128 21
963 2054 1234 2140 1551115515.

254 2171 288 2240 S.
311 2169 452 2239 Joanaea
478 2172 687 2261 Gopistronua
711 2177 847 2246 05111515
870 2178 937 2246 ΡΡ.
961 2177 1030 2245 ΙΙΙ.
1060 2178 1169 2245 scribit
1191 2179 1230 2243 de
1252 2177 1368 2243 litteris
1411 2193 1446 2240 er
1468 2175 1600 2240 5551155

253 2280 278 2326 5.
301 2261 386 2326 sedin
406 2261 524 2349 ollulis,
546 2273 728 2350 5555551555
749 2265 937 2354 Η55555155
959 2271 1116 2348 mereatu,
1142 2265 1316 2331 Turoorum
1334 2265 1370 2330 ia
1455 2264 1506 2330 515
1522 2282 1600 2348 pro·

251 2367 380 2429 proaem
403 2349 511 2415 555551
525 2349 637 2418 bellum
656 2351 768 2420 115515
783 2357 870 2420 terro
884 2357 1024 2457 mosique
1038 2353 1237 2438 inferendum
1249 2377 1263 2436 ;
1277 2354 1402 2438 5555511
1414 2357 1600 2436 promptam

254 2435 377 2502 adhoc
399 2437 538 2502 animum
566 2435 723 2506 Jolronm'e
752 2441 790 2507 de
819 2439 976 2527 Hanyoda
997 2443 1194 2524 alienamque
1219 2447 1419 2526 mappulum
1439 2439 1598 2524 proponit

377 2529 379 2534 '
427 2524 557 2607 foedera
578 2525 635 2592 boc
652 2527 715 2611 fine
737 2549 804 2595 cum
823 2529 1019 2616 principibus
1045 2527 1177 2595 extorris
1198 2527 1338 2595 1555555
1361 2533 1416 2593 ete.

319 2642 507 2714 Beatissimo
528 2652 635 2733 551551
658 2648 707 2717 Ad
730 2656 911 2720 sanctmum
925 2652 1041 2736 pedum
1056 2649 1220 2719 humiliter
1234 2647 1446 2718 deosculanda
1460 2645 1601 2732 55511515

253 2729 447 2814 provolutus.
470 2733 559 2802 Licet
581 2737 795 2821 superioribus
816 2739 928 2806 diebus
949 2740 991 2808 ad
1013 2737 1599 2807 555511151555555155555155551515

253 2818 315 2884 rim
336 2817 471 2904 litteras,
494 2841 556 2888 555
578 2827 685 2892 tamen
707 2825 893 2910 praeteribo,
916 2845 988 2894 oum
1009 2825 1144 2895 facultas
1166 2824 1406 2895 tabellariomm
1419 2841 1455 2892 se
1470 2821 1599 2908 offerat,

254 2903 331 2988 quin
359 2907 400 2974 ad
429 2909 656 2978 beatitudinem
684 2918 822 2981 vestram
851 2913 987 2982 scribam
1017 2933 1055 2983 ea
1084 2915 1283 3001 praesertim,
1315 2931 1397 2996 quae
1425 2917 1456 2979 51
1478 2911 1545 2978 Dei
1567 2917 1601 2978 st

253 2997 329 3062 1555
351 2996 529 3064 sanctitatis
550 2996 703 3066 honorem
732 3017 919 3070 5555555555
947 3002 1061 3070 sentio.
1084 3001 1248 3069 Venerunt
1267 3018 1369 3084 nuper
1390 2998 1454 3066 hue
1477 2998 1599 3100 adme

254 3079 317 3146 duo
347 3101 366 3148 5
394 3084 469 3151 5515
500 3084 672 3168 apostolica
704 3088 816 3168 nuntii,
846 3108 928 3156 unus
958 3087 1145 3174 Rodulpbus
1172 3088 1307 3168 nomine,
1333 3086 1597 3156 55555555155555

253 3165 370 3234 domini
399 3169 568 3240 leunensis
597 3172 772 3256 familiaris,
794 3174 919 3244 litteras
940 3176 1086 3244 deferens
1101 3197 1121 3244 a
1134 3177 1305 3244 sanctitate
1320 3181 1395 3256 tua3
1417 3171 1502 3242 alter
1518 3191 1598 3241 vero

254 3252 463 3340 depellamus,
486 3277 594 3328 cursor
615 3262 868 3330 reverendissimi
889 3264 1008 3332 domini
1029 3264 1180 3346 Firmani,
1204 3268 1241 3330 51
1255 3263 1372 3331 asserit
1386 3281 1406 3330 a
1420 3279 1514 3330 sacro
1530 3257 1596 3329 eol-

253 3338 338 3424 15515
360 3346 689 3416 reverendissimorum
719 3350 915 3418 dominorum
936 3351 1144 3420 mndinalinm
1165 3349 1291 3418 litteras
1310 3349 1440 3430 habens.
1465 3347 1599 3416 enunci-

254 3435 344 3496 antes
365 3429 550 3500 electionem
573 3433 708 3518 Spiritus
729 3437 839 3518 sancti,
863 3440 937 3521 quia
958 3437 1078 3506 55111551
1100 3438 1207 3506 1115155
1227 3435 1393 3522 dispositio
1416 3445 1448 3503 15
1468 3441 1600 3519 patrem

253 3520 399 3584 sanctum
420 3518 608 3604 5155551115
629 3541 739 3591 rerum
762 3523 880 3592 Christi
901 3526 1052 3593 51555155
1074 3545 1132 3609 555
1153 3524 1340 3594 5555151115
1356 3521 1517 3592 catholica
1533 3542 1596 3590 non

253 3606 378 3670 tantum
400 3608 612 3677 conservanda
633 3629 743 3678 rerum
765 3621 798 3678 et
819 3614 973 3694 augenda.
996 3612 1058 3681 Η15
1079 3613 1164 3680 enim
1186 3631 1257 3679 cum
1279 3612 1381 3681 maior
1402 3631 1478 3697 5555
1502 3611 1601 3679 baro·

253 3707 329 3755 num
355 3691 466 3777 inclyti
496 3697 587 3778 55551
616 3697 800 3784 Η55555155
828 3705 1018 3784 congregata
1046 3706 1132 3768 esset
1161 3717 1219 3786 pro
1241 3699 1400 3767 communi
1421 3698 1597 3768 concordia

255 3773 341 3843 inter
367 3796 421 3846 555
450 3784 672 3869 componenda,
695 3785 852 3853 intuentes
873 3785 983 3855 literas
1006 3787 1195 3868 huiusmodi,
1217 3787 1355 3855 marimo
1380 3785 1495 3871 repleti
1521 3791 1598 3855 sunt

255 3863 371 3946 gaudio
393 3872 426 3933 51
439 3865 562 3938 15511115
575 3870 650 3940 huic
663 3872 788 3942 divinae
802 3871 958 3944 voluntati
972 3875 1227 3960 congratulantes
1241 3875 1455 3942 vehementer.
1472 3873 1598 3942 Verum

211 4009 212 4012 ,
256 3951 409 4019 5555155
437 3954 556 4022 invidia
584 3956 645 4026 fuit
675 3967 708 4026 et
737 3979 908 4045 murmure,
931 3962 1016 4046 quod
1037 3963 1070 4029 ln
1092 3968 1184 4030 coetu
1205 3967 1369 4032 tantorum
1391 3961 1598 4030 dominorum

255 4035 414 4119 ahquibus
435 4043 607 4112 minoribns
629 4053 778 4132 exparte
800 4053 873 4118 tuae
895 4050 1073 4122 sanctitatis
1086 4054 1308 4134 praesentatae
1322 4050 1388 4118 5151
1410 4049 1541 4118 11115555
1564 4051 1598 4118 51

255 4125 428 4206 potissimis
450 4125 516 4196 fere
538 4129 678 4200 eiusdem
699 4137 789 4220 55551
810 4136 904 4206 datae
933 4155 996 4205 non
1018 4137 1091 4222 sint,
1114 4138 1262 4222 episcopo
1284 4135 1409 4205 scilicet
1431 4137 1597 4222 11515555-

256 4209 448 4295 55515515551,
471 4217 617 4303 55155555
638 4222 815 4291 5555115551
837 4231 871 4293 51
891 4223 1079 4308 qmbusdam
1093 4224 1290 4308 dignioribus
1305 4223 1396 4309 55551
1410 4223 1596 4292 baronibua

257 4295 355 4399 Huic·
363 4305 467 4401 autem
485 4303 533 4370 551
547 4305 640 4374 heile
654 4327 712 4394 pro
726 4310 857 4378 arbitrio
871 4312 1047 4380 emetitatis
1062 4317 1137 4380 tuae
1151 4311 1310 4397 provideri
1324 4313 1455 4396 poterit.
1470 4309 1597 4379 Deinde

255 4390 418 4454 55555155
440 4393 514 4458 tuae
535 4391 645 4462 doleno
666 4396 815 4481 significo,
837 4399 920 4484 quod
941 4399 1036 4467 hodie
1056 4398 1219 4467 festinarit
1238 4397 1428 4467 tabellarius
1441 4396 1596 4484 specialis

256 4471 297 4574 ad
318 4471 378 4540 hoc
399 4473 536 4546 directus
558 4480 599 4548 ad
620 4481 786 4567 despotum
807 4486 947 4570 Rasslae,
968 4487 1025 4570 qui
1045 4487 1098 4554 hic
1119 4503 1191 4555 cum
1212 4486 1264 4553 hie
1286 4485 1423 4554 dominis
1445 4491 1479 4554 51
1500 4486 1595 4554 baro·

256 4557 357 4660 nubta.
380 4560 507 4633 anhelat
536 4567 576 4634 ab
605 4571 652 4638 eis
683 4572 860 4640 subsidium
890 4580 925 4640 et
946 4573 1159 4643 detonsionem
1180 4573 1312 4644 dominii
1334 4574 1395 4655 sui,
1417 4573 1595 4642 denneians

255 4663 316 4727 ι1151
338 4645 468 4733 desputo
490 4659 523 4722 et
543 4654 713 4728 baronibus
742 4659 1000 4730 nefandissimum
1030 4661 1167 4732 nominis
1192 4661 1313 4731 Christi
1335 4661 1460 4732 hostem
1480 4661 1595 4732 llolro·
