3410 5258
1388 341 1450 407 utu

464 534 637 615 nemu.
665 545 757 631 1467,
781 548 824 653 22
846 547 950 632 Juull,
974 549 1103 622 Romae.

112 667 236 736 Paulus
257 627 328 739 PP.
351 667 400 738 II.
421 671 602 738 scatentium
625 672 951 738 excommunicationis
970 673 1160 756 monunciat
1181 672 1215 738 in
1237 691 1296 758 eoa,
1312 672 1367 754 qui
1382 693 1451 738 enc-

108 760 263 824 cntionem
297 760 470 824 testamenti
502 778 522 822 o
562 756 708 846 Mortino,
743 759 852 826 comite
882 759 920 826 de
950 758 1219 844 transpontem,
1248 761 1282 824 in
1309 759 1452 842 fauorem

106 844 251 928 fratrum
273 846 430 912 minorum
452 847 588 913 oieumoe
613 844 733 911 Βοεηαο
755 849 789 912 in
816 845 928 912 liceto
950 855 979 914 et
1001 845 1092 930 Novi,
1107 846 1227 914 conditi
1241 847 1451 930 quoquomodo

603 933 754 1020 impedire
775 936 968 1002 tentaverint.

176 1053 298 1124 Paulus
319 1057 483 1141 episeopus
504 1073 616 1122 servus
638 1073 800 1123 servorum
830 1055 899 1122 Dei.
923 1053 1048 1124 Dilecto
1069 1054 1135 1123 filio
1156 1053 1255 1124 nobili
1277 1055 1345 1124 viro
1367 1055 1453 1125 lllar-

109 1141 180 1208 tino
202 1142 245 1211 de
266 1142 535 1228 Frangepenibua,
566 1141 689 1227 Veglie,
720 1142 829 1226 Signis
860 1142 1099 1226 Modressieque
1128 1142 1235 1210 comiti
1257 1143 1394 1212 sdutem
1418 1149 1453 1212 ct

110 1230 319 1312 apostolicam
333 1228 590 1298 benedictionem.
612 1228 792 1298 Gomtautis
813 1229 886 1298 fidei
905 1229 1071 1314 integritas
1093 1234 1127 1296 et
1141 1229 1263 1298 ducere
1277 1230 1452 1300 devotionis

110 1315 257 1402 allectus,
280 1318 394 1402 quibus
416 1317 455 1385 ad
479 1335 643 1386 romanam
673 1317 848 1402 ecelesiam,
871 1335 966 1400 quam
991 1317 1051 1385 Dei
1073 1315 1156 1385 filim
1177 1317 1272 1385 Jesus
1295 1316 1451 1402 Christus,

110 1409 225 1472 auctor
245 1405 314 1490 ipse
336 1405 473 1489 pietatis,
496 1403 644 1488 instituit,
668 1405 832 1484 revereis,
856 1424 918 1472 non
940 1405 1069 1488 indigne
1090 1407 1296 1488 promeretur,
1319 1411 1356 1472 ut
1377 1412 1451 1474 vota

111 1495 177 1572 tua,
201 1510 241 1558 ex
264 1491 378 1576 quibus
399 1490 497 1560 divini
519 1490 623 1558 cultus
645 1496 849 1576 augmentum
871 1490 1020 1574 salusque
1042 1493 1207 1575 provenire
1221 1497 1369 1578 speratur
1384 1494 1450 1560 ani·

111 1579 335 1733 weil
357 1579 469 1750 psit
481 1577 1018 1734 stittulltttttfflst
1040 1584 1097 1748 ,t
1119 1580 1452 1750 Quintilii}

110 1771 214 1836 nuper
236 1753 380 1822 exhibita
401 1753 512 1839 petitio
534 1753 723 1832 continebat,
746 1753 831 1836 quod
853 1758 897 1834 tu,
921 1753 976 1836 qui
990 1753 1032 1822 ad
1046 1753 1184 1822 minores
1198 1753 1238 1820 de
1253 1754 1453 1822 observantie

110 1849 312 1925 nuncupatos
333 1846 366 1907 et
387 1860 412 1907 s.
435 1839 527 1907 Pauli
549 1840 643 1924 primi
672 1840 825 1908 heremite
846 1841 905 1908 sub
931 1839 1044 1923 regula
1064 1860 1090 1908 s.
1114 1841 1283 1924 Augustini
1306 1841 1452 1908 ordinum

111 1924 239 2009 batum,
263 1933 395 2012 propter
415 1927 536 1996 unctus
558 1927 681 2012 uberes,
699 1946 779 2012 quos
801 1947 910 1995 eorum
932 1927 1103 2012 exemplari
1126 1927 1192 1996 vita
1213 1933 1247 1995 et
1267 1928 1452 1996 admonitio

110 2012 206 2081 nibus
227 2015 313 2084 circa
333 2014 470 2084 salutem
492 2016 668 2084 nummum
689 2014 818 2096 Omni,
841 2013 988 2083 fidelibus
1009 2013 1156 2102 alluunt,
1183 2014 1352 2098 specialem
1367 2016 1452 2099 geris

112 2101 290 2169 devotionis
312 2101 460 2170 affectum
489 2103 523 2168 in
550 2122 596 2186 eo,
625 2102 709 2186 quod
739 2103 874 2170 condere
903 2101 1052 2186 proponis
1081 2101 1232 2169 debonis
1254 2103 1374 2168 tuisiu
1396 2109 1453 2172 tua

111 2186 227 2256 ultima
249 2189 414 2257 voluntate
443 2194 633 2257 testamento
661 2189 754 2257 dictis
784 2189 937 2256 iratribus
965 2207 1023 2270 pro
1053 2187 1257 2271 ampliatione
1279 2194 1312 2256 et
1333 2187 1452 2258 lubrica

111 2294 245 2343 sumum
266 2278 429 2344 domorum
451 2296 477 2344 s.
500 2277 602 2344 llarie
624 2281 714 2345 extra
729 2276 835 2344 Trsati
850 2295 947 2361 prope
961 2275 1094 2344 Flumen
1109 2281 1142 2343 et
1156 2277 1296 2350 eusdem
1311 2295 1335 2342 s.
1349 2277 1452 2344 Maris

111 2362 170 2430 sub
192 2361 287 2446 Noui,
308 2365 425 2449 oppida
447 2363 638 2432 medrusieu.
669 2364 813 2444 diocesis,
836 2364 932 2432 etad
955 2362 1034 2431 alios
1057 2363 1161 2431 licitos
1184 2365 1365 2432 eorumdem
1387 2366 1451 2432 ira·

111 2454 197 2516 uum
222 2468 308 2531 ussus,
332 2470 390 2519 uec
411 2470 473 2518 uon
495 2450 569 2520 aliis
597 2450 740 2532 ecclesiis
769 2457 802 2518 et
830 2451 892 2536 piis
913 2450 990 2518 locis
1012 2470 1050 2518 ac
1071 2449 1151 2518 alias
1172 2451 1213 2519 ad
1236 2451 1306 2534 pias
1328 2469 1450 2534 causas,

111 2542 144 2602 et
172 2556 233 2621 pro
262 2540 515 2608 remuneratione
546 2538 604 2605 tibi
633 2537 770 2605 fideliter
796 2539 999 2604 seruientium
1028 2538 1164 2622 quedam
1193 2537 1244 2621 pie
1274 2537 1392 2624 legare,
1414 2558 1453 2608 ac

111 2622 194 2692 alias
215 2625 385 2708 disponere
406 2631 439 2694 et
461 2626 609 2694 ordinare
630 2645 689 2710 pro
710 2625 810 2692 divini
832 2624 934 2694 uultus
960 2631 1128 2708 augmomo
1150 2643 1187 2694 ac
1209 2629 1263 2693 tuo
1286 2630 1319 2691 et
1340 2645 1452 2712 proge-

111 2711 253 2780 nitorum
275 2719 402 2780 tuorum
423 2713 599 2780 animarum
621 2711 725 2781 salute
748 2713 906 2797 proponis,
930 2714 1048 2780 vereris
1073 2717 1179 2780 tamen
1201 2731 1242 2779 ne
1264 2713 1396 2780 heredes
1418 2718 1452 2780 et
1589 2749 1593 2755 ·

111 2817 310 2868 successores
331 2801 388 2880 tui,
410 2801 464 2884 qui
487 2802 540 2885 pie
561 2799 753 2886 dmposucm
774 2818 831 2868 sen
852 2799 1005 2878 haemona
1019 2800 1209 2884 disposuisti,
1229 2801 1341 2883 aequi
1363 2800 1452 2866 mali-

111 2887 193 2954 tiose
215 2906 274 2954 seu
296 2887 495 2973 negligenter
525 2887 673 2954 omittant
698 2891 754 2955 aut
782 2886 842 2973 ipsi
864 2886 992 2954 stallis
1014 2892 1104 2954 tuum
1126 2885 1286 2954 laudabile
1309 2887 1450 2971 proposi·

112 2977 179 3040 tum
202 2973 393 3058 huiusmodi,
416 2975 500 3058 quod
523 2976 584 3042 Dei
613 2981 646 3044 et
667 2973 803 3058 gloriose
824 2974 956 3058 virginis
978 2973 1100 3057 prefate
1126 2971 1253 3042 laudem
1275 2979 1307 3040 et
1329 2976 1448 3042 mimu-

111 3079 183 3128 rum
204 3059 342 3129 salutem
376 3064 544 3142 eouoemit,
575 3061 722 3128 ellectum
752 3061 859 3128 sortiri
890 3062 958 3128 sine
986 3059 1168 3130 rationabili
1196 3079 1291 3128 causa
1320 3061 1449 3145 propria

111 3166 223 3215 eorum
244 3149 425 3217 temeritate
453 3149 494 3217 de
523 3149 607 3218 laeto
637 3149 841 3232 impendiant.
873 3147 978 3227 Quare
999 3167 1057 3232 pro
1086 3152 1177 3233 parte
1199 3153 1255 3216 tua
1277 3148 1368 3215 uobis
1389 3148 1450 3216 luit

111 3234 278 3303 humiliter
298 3235 517 3322 supplicatum,
540 3243 576 3304 ut
597 3235 676 3304 talia
699 3254 879 3320 presumere
900 3236 1096 3304 tentantibus
1122 3236 1279 3316 resistere,
1302 3240 1335 3304 et
1356 3253 1396 3304 ue
1417 3236 1452 3302 id

112 3319 235 3390 beant
255 3325 316 3392 sub
330 3342 413 3410 pena
426 3323 755 3392 excommunicationis
769 3323 838 3407 ipso
854 3321 938 3392 lacto
952 3323 1139 3392 insumenda
1154 3323 1296 3390 inhibere
1310 3321 1453 3406 aliasque

111 3410 144 3476 iu
166 3410 333 3494 premissis
355 3416 530 3496 opportune
551 3411 721 3496 providere
741 3411 800 3478 tibi
822 3411 863 3477 de
885 3411 1081 3494 benignitate
1110 3409 1285 3494 apostolica
1306 3410 1452 3494 dignare·

112 3515 193 3567 mur.
218 3497 285 3564 Nos
307 3497 406 3582 igitur
427 3499 509 3566 votis
530 3499 594 3566 tuis
617 3501 648 3564 in
671 3499 729 3566 hac
747 3503 838 3582 parte
853 3497 1069 3567 favorabiliter
1084 3503 1258 3567 annuentes
1273 3497 1452 3564 huiusmodi

111 3582 397 3670 supplicationibus
418 3585 559 3654 inclinati
589 3585 732 3654 uolumus
761 3591 794 3652 et
824 3584 997 3670 apostoliea
1026 3586 1214 3653 auctoritate
1245 3585 1452 3670 decernimus,

112 3673 196 3756 quod
227 3673 406 3757 quicunque
435 3673 586 3742 heredum
616 3679 650 3742 et
677 3691 892 3740 successorum
920 3679 1046 3741 tuorum
1077 3671 1277 3742 stallorum
1306 3691 1453 3756 qnorum·

111 3778 238 3843 cunque
260 3759 519 3844 adimplendum
541 3779 590 3842 ee,
613 3779 674 3845 que
696 3760 736 3829 de
758 3761 849 3828 bonis
871 3759 912 3827 ad
934 3765 967 3828 te
989 3759 1132 3844 legitime
1154 3760 1383 3843 pertinentibus
1398 3778 1451 3827 va·

111 3845 177 3914 lide
200 3852 234 3914 et
255 3853 383 3916 seruata
404 3845 506 3916 forma
527 3847 607 3914 iuris
637 3847 669 3913 in
699 3845 812 3916 ultima
839 3846 1003 3914 voluntate
1024 3852 1080 3915 tua
1102 3847 1143 3914 ad
1165 3845 1361 3914 commodum
1383 3865 1453 3930 pre-

112 3934 272 4003 dictarum
293 3935 457 4003 domorum
479 3941 514 4040 et
535 3933 738 4003 ecclesiarum
761 3933 983 4038 quarumlibet*
997 3953 1035 4002 ac
1057 3933 1191 4037 aliorum
1217 3933 1348 4036 'piorum
1370 3933 1453 4035 loeo-

112 4019 1453 4210 mitti,‘¹&intitutionemtritittllttttttitti

112 4214 247 4279 quorum
269 4197 425 4283 intererit,
456 4198 592 4281 desuper
618 4197 734 4264 debitis
763 4197 831 4265 loco
860 4203 894 4264 et
925 4202 1069 4281 tempore
1100 4195 1271 4279 requisitus
1293 4196 1375 4262 mira
1397 4201 1454 4262 tu·

113 4284 202 4366 muta
225 4284 296 4352 dies
318 4291 394 4352 tuuc
408 4287 590 4354 immediate
605 4289 782 4368 sequentes,
796 4283 847 4351 vel
863 4285 889 4350 si
905 4283 1042 4367 qualitas
1056 4285 1175 4367 negotii
1191 4283 1315 4368 longius
1329 4288 1453 4367 tempus

120 4377 262 4456 exposcat
282 4371 368 4440 inira
391 4377 524 4458 tempus,
548 4372 631 4440 inira
653 4372 738 4454 quod
767 4372 899 4439 arbitrio
930 4371 1005 4438 boni
1027 4371 1087 4438 viri
1109 4371 1142 4437 id
1164 4370 1233 4438 lieri
1255 4371 1380 4454 poterit,
1404 4390 1452 4452 ea,

113 4459 237 4543 adque
260 4464 396 4536 tenetur,
419 4460 589 4529 ellimciter
611 4459 743 4543 implere
765 4459 907 4526 studiose
929 4458 981 4526 vel
1004 4457 1201 4542 negligenter
1227 4457 1397 4540 distulerit,
1420 4462 1453 4524 et

116 4545 293 4632 quicunque
323 4547 416 4628 alius,
447 4549 502 4632 qui
529 4547 695 4631 quominus
723 4547 944 4630 dispositiones
972 4550 1007 4613 et
1035 4547 1249 4614 ordinationes
1275 4543 1452 4612 huiusmodi

114 4633 255 4704 debitum
266 4637 437 4704 'sociantur
465 4634 620 4722 eflectum,
648 4635 767 4703 directe
789 4633 841 4701 vel
863 4635 1017 4702 indirecte
1038 4633 1192 4730 impedire
1215 4631 1452 4720 presumpserit,

120 4725 149 4790 et
169 4723 353 4808 requisitus,
374 4728 412 4794 ut
432 4722 570 4794 desistat
596 4723 636 4792 ab
663 4721 898 4810 impedimentis
926 4722 967 4794 ab
988 4719 1072 4792 inira
1092 4720 1227 4805 triginta
1251 4719 1320 4789 dies
1341 4721 1451 4790 imme·
