3428 5256
208 196 270 260 256

532 399 678 468 Mididi.
706 399 799 488 1463,
821 401 863 472 tt
887 400 1037 510 Augusti,
1061 397 1230 474 roneuts
1317 495 1322 505 Ι

276 524 415 590 Antonio
436 523 477 590 de
499 523 624 604 Priolis,
651 525 787 603 ,oratori
802 526 966 608 designato
981 526 1022 592 ad
1037 525 1151 592 duoem
1165 542 1194 606 a,
1207 521 1309 590 Savus
1325 521 1556 606 Stephauuffl,

210 610 427 692 committitur,
450 614 487 676 ut
515 611 651 694 primum
682 609 803 696 Spoleti
826 611 935 694 eapiut
959 605 1229 690 ,informationem
1255 610 1295 677 de
1317 613 1405 677 statu
1427 611 1463 674 et
1484 625 1558 673 oon·

210 697 382 764 ditionibus
403 697 564 781 provincie
585 697 735 765 Bossine:
764 704 841 782 quot
862 700 896 764 in
926 717 963 765 ou
985 698 1079 766 Turoi
1105 704 1179 765 suut
1195 747 1202 763 .
1220 746 1253 762 ..
1277 701 1310 762 et
1335 696 1426 762 errius
1448 699 1558 762 sueto

209 783 313 851 nitatis
335 783 510 852 auritium
539 788 588 851 est
619 785 834 868 unusquisque
863 783 993 852 illorum
1025 783 1273 868 Boseinensium,
1310 783 1366 866 qui
1389 779 1559 865 Spalatum

210 869 338 954 profugi
359 889 395 938 se
416 875 612 956 receperunt,
643 876 676 940 et
704 871 789 938 inter
818 877 941 940 eeteros
971 871 1032 953 hio,
1063 871 1118 955 qui
1150 871 1235 954 apud
1264 887 1322 938 uos
1343 874 1404 950 est,
1429 867 1559 934 nomine

209 955 315 1024 luania
330 1007 338 1024 .
356 1008 362 1020 .
379 957 409 1024 .⁴‘
440 956 513 1024 illos
546 957 655 1038 ,bonis
683 957 789 1027 verbis
811 963 975 1028 contentos
1000 957 1104 1026 faeere
1133 956 1346 1042 proonrobtu.
1381 953 1561 1023 11001810-

208 1043 313 1128 phano
335 1049 470 1130 exponet
495 1043 673 1127 ,dolorem
708 1045 748 1112 ob
774 1046 1039 1132 ,oppressionem
1063 1062 1160 1128 quam
1186 1043 1435 1112 immanissimus
1456 1041 1560 1108 bostis

210 1129 284 1197 fidei
307 1131 337 1198 ei
359 1131 521 1214 statuique
543 1150 602 1200 suo
623 1136 697 1216 pust
718 1132 807 1216 regni
830 1132 962 1200 Bossiue
979 1131 1134 1200 excidium
1149 1132 1298 1216 regisque
1311 1129 1560 1200 trucidationem

210 1217 397 1285 brierebatb
421 1217 526 1286 Bosna
548 1225 657 1302 posset
677 1221 868 1303 recuperari,
891 1220 920 1287 si
942 1220 1005 1287 dux
1031 1219 1209 1302 „ceterique
1223 1217 1343 1285 domiui
1360 1223 1395 1284 et
1408 1217 1559 1296 barones,

211 1303 266 1386 qui
288 1304 523 1382 auctoritatem,
543 1311 576 1372 et
604 1306 688 1377 vires
710 1306 839 1391 hubent,
861 1306 935 1374 huie
956 1309 1082 1390 negotio
1103 1305 1328 1388 incumbaut“;
1351 1303 1449 1370 vicini
1469 1299 1559 1370 auxi·

192 1389 289 1459 dium
309 1392 524 1544 pmteetabuut.
543 1391 699 1461 'Dissidia
729 1393 813 1460 inter
838 1393 1032 1480 &ephebum
1059 1399 1096 1460 et
1126 1391 1196 1460 eius
1225 1389 1326 1459 fliium
1356 1389 1558 1460 Vladislmm

209 1496 385 1563 oomponu.

261 1581 378 1651 mou.-
394 1579 502 1638 unone
520 1580 554 1651 x,
572 1582 632 1640 ote.
1032 1633 1035 1642 .

525 1721 656 1789 MLXX.
682 1721 775 1804 1463,
798 1721 821 1792 4
843 1720 1051 1810 sopionibus,
1079 1719 1234 1792 venetiis.

278 1842 391 1912 Comes
412 1843 558 1912 Pribisav
588 1841 734 1923 Vutotid,
764 1863 865 1930 nuper
897 1850 1003 1914 oretor
1032 1845 1122 1914 duuis
1144 1843 1308 1930 Stephani,
1331 1845 1404 1912 oum
1426 1841 1504 1910 filiis
1526 1845 1561 1908 et

211 1931 403 1999 haeredibus
426 1932 604 1999 nominatur
625 1931 659 1997 in
682 1933 783 2000 civem
805 1937 963 2001 venetum.

273 2034 385 2104 mauu:
403 2034 510 2090 suune
527 2034 564 2102 x,
586 2034 646 2090 270.

453 2173 599 2244 MLXXI.
627 2173 719 2257 1463,
746 2173 785 2244 12
808 2173 1018 2263 Septembris,
1046 2173 1313 2245 Petrovoradlni.

277 2294 417 2364 Mathiae
441 2315 497 2365 rex
516 2315 588 2364 oum
610 2295 818 2364 Venetiamm
832 2297 911 2365 duee
927 2297 1155 2382 Christopboro
1176 2297 1289 2364 btuuro
1303 2295 1364 2362 init
1380 2293 1560 2377 ,unionem

211 2380 457 2467 intelligentium
479 2389 512 2450 et
539 2383 637 2467 ligem
666 2390 777 2451 oontra
802 2383 933 2452 infidum
963 2384 1101 2453 Turoum
1135 2385 1195 2452 sub
1227 2383 1340 2469 pactis,
1375 2386 1412 2448 ut
1445 2381 1561 2448 Veneti

212 2467 314 2536 classe
337 2476 380 2536 40
401 2470 579 2536 trinomium
600 2471 653 2538 via
675 2469 856 2539 Dalmatiae
878 2477 910 2537 et
932 2470 1127 2556 Peloponeai,
1150 2471 1295 2555 Hunguri
1318 2487 1395 2537 vero
1415 2467 1561 2553 pedestri

93 2641 94 2644 Ἴ
211 2555 351 2623 exercitu
382 2557 610 2640 aggrediuntur
638 2558 777 2639 bostem,
808 2559 865 2625 sed
899 2557 999 2645 ,nihil
1028 2558 1143 2643 Veneti
1175 2559 1208 2640 in
1238 2557 1341 2626 limite
1374 2555 1559 2640 hungarico,

212 2641 293 2744 nibil
314 2642 485 2794 Hungtorus
507 2643 540 2710 iu
562 2643 696 2712 veneto“
720 2645 904 2728 inouobunt,
934 2649 1109 2728 neutraque
1132 2649 1207 2730 pers
1232 2645 1301 2712 sine
1323 2635 1427 2712 altere
1449 2660 1561 2726 paoem

211 2747 301 2888 mg.
314 2747 475 2887 willer:
494 2832 565 2888 0011.
583 2831 696 2905 diplom.
716 2834 739 2903 1,
757 2834 817 2902 547.
836 2834 966 2892 Katoau:
984 2834 1060 2890 Hist
1078 2833 1137 2890 erit
1156 2831 1237 2901 XIV,
1255 2833 1315 2889 649.

502 2973 666 3041 MLXXH.
691 2972 784 3056 1466,
810 2974 849 3044 12
872 2973 1082 3062 Septembris,
1106 2971 1263 3044 venetiis

277 3092 437 3178 Vojmdee
457 3095 576 3174 ironis,
599 3095 751 3164 Venetiae
773 3097 963 3178 advenienti,
987 3096 1041 3180 qui
1056 3101 1180 3180 partem
1195 3093 1318 3164 mantuo
1341 3093 1473 3164 Brutine
1489 3093 1561 3164 dari

166 3269 167 3272 Ἴ
212 3179 273 3247 sibi
305 3181 409 3268 petiit,
442 3182 681 3264 respondeatur,
715 3183 811 3250 hoooe
844 3183 1005 3268 denegari,
1038 3185 1096 3250 sod
1118 3183 1178 3268 ipsi
1213 3188 1264 3270 ,et
1296 3182 1363 3250 suis
1393 3200 1432 3250 so
1461 3182 1561 3249 etiam

212 3267 343 3350 regins*
368 3267 484 3335 ibidem
506 3269 678 3352 hospitium
701 3268 850 3351 offertum
875 3271 986 3337 domus
1005 3267 1128 3355 Spoleti
1143 3269 1247 3338 eidem
1266 3269 1457 3354 conceditur,
1481 3270 1561 3335 item

212 3353 283 3454 due
307 3359 372 3420 200
393 3373 498 3424 annua
530 3356 706 3441 ,provisio
737 3375 796 3443 pro
817 3355 932 3426 oblatis
958 3357 991 3424 in
1013 3357 1177 3427 mumdum
1199 3355 1393 3442 reipublicae
1414 3357 1480 3424 400
1503 3355 1563 3422 mi·

211 3437 387 3594 hhbffoou:
404 3525 518 3597 usone,
537 3527 575 3595 x,
592 3527 653 3584 au.

504 3662 685 3734 MLXXIII.
713 3667 806 3752 1466,
832 3668 871 3740 lb
894 3668 1103 3758 Septembris,
1127 3667 1266 3759 Spoleti.

278 3787 421 3856 Andreas
442 3787 590 3877 Venerio,
613 3809 718 3858 eomes
741 3789 948 3875 spalatensis,
971 3793 1083 3862 duoem
1097 3791 1314 3878 venetiarum,
1337 3790 1415 3874 ouid
1435 3791 1475 3858 de
1491 3809 1562 3860 oor·

212 3893 290 3959 pore
311 3893 337 3941 s.
360 3874 466 3942 Luoue
487 3877 618 3958 eiusque
640 3877 848 3947 tumulatione
869 3879 902 3946 in
924 3879 1061 3948 Boanum
1085 3880 1253 3964 audiverit,
1277 3877 1439 3956 intormet.

230 3981 232 3986 2
275 3959 702 4034 naue=soou1j.1‚p.1ea.
1056 3991 1062 4006 ·
1185 3989 1220 4002 ι·

546 4101 720 4172 MLXXIV.
747 4103 846 4188 1463,
873 4104 1225 4194 leonumlonum.

265 4223 355 4325 'Pius
377 4223 440 4294 PP.
462 4223 506 4296 Π.
527 4223 727 4298 Florentium
755 4228 913 4310 hortetur,
943 4232 980 4296 ut
1002 4247 1065 4298 non
1095 4231 1254 4314 denegent
1275 4225 1429 4300 auxilium
1451 4227 1561 4312 Rago-

212 4309 301 4394 uinra,
324 4311 379 4396 qui
402 4317 591 4398 ,parumn
611 4314 813 4383 Moumethus
828 4315 1025 4384 Turoborum
1040 4335 1098 4384 rex
1113 4317 1275 4399 Europam
1289 4315 1424 4386 inventu
1442 4315 1562 4384 domm

213 4403 247 4468 et
268 4399 465 4468 incommodo
494 4398 702 4488 pertulenmt,
733 4407 769 4470 ot
797 4401 876 4484 ,boo
898 4421 989 4486 anuo,
1019 4409 1092 4488 post
1114 4410 1243 4490 oaptum
1264 4403 1370 4474 Bosus
1392 4409 1560 4487 regnum&

212 4485 383 4569 magnoin
405 4485 519 4554 timore
541 4487 705 4556 eonstituti
725 4487 863 4558 fuerunt.

277 4587 424 4644 Modoutou:
443 4589 520 4647 Mon.
538 4590 602 4648 hist.
620 4591 695 4650 sun.
713 4592 851 4662 meridI,
875 4593 936 4650 648.
1082 4653 1084 4659 ,
