3434 5272
118 497 282 567 marmor
313 499 354 566 de
387 497 550 568 Florentia
582 498 692 566 vicarii
721 499 901 600 Bosnensis,
936 518 973 566 ac
1003 497 1233 567 honorabilium
1266 497 1463 563 dominorum

118 584 257 672 Nicolry
279 586 434 671 prepositi
456 591 488 653 et
509 586 599 653 Petri
630 586 756 653 lectoris
788 585 920 654 ecclesie
942 592 1123 664 memorate,
1146 603 1204 652 nec
1226 604 1287 651 non
1310 583 1462 652 nobilium

118 673 262 741 virorum
285 673 409 742 comitis
431 671 606 757 Volkoslay
628 673 822 742 Nahoieuich
845 679 877 740 et
898 674 1022 741 comitis
1043 673 1179 756 Mastanj
1205 671 1375 752 Bubanich,
1394 670 1462 736 Ste-

118 761 193 844 pois
216 760 442 829 Chematinich
472 765 504 827 et
534 759 647 844 Stepse
676 759 733 827 lilii
757 759 908 845 Stephani
930 761 1075 842 Drusich,
1099 766 1276 827 nostrorum
1299 757 1461 836 nobilium,

119 853 153 914 et
175 848 320 931 magistri
342 847 474 931 Nicolay
497 846 555 914 filii
577 848 741 915 Michaelis
770 849 904 934 suppani
927 848 967 914 de
990 848 1119 930 Brasos,
1144 845 1305 929 Chachinij
1330 845 1463 930 suppani

119 935 161 1036 de
183 936 321 1036 Dyaoou,
345 934 527 1036 officialium
550 941 582 1038 et
603 933 792 1002 servitorum
815 936 933 1038 domini
956 936 1095 1036 episcopi
1111 933 1287 1034 memorati,
1304 951 1360 1033 per
1378 938 1464 999 nota·

118 1023 400 1194 ttnlllttl
417 1022 729 1194 altricibus
755 1025 796 1176 tl
817 1021 1309 1190 tllrlctlinl‘tlbl
1324 1022 1463 1192 llll.

118 1213 194 1264 sens
216 1195 303 1264 aliud
332 1201 476 1264 nostrum
506 1195 646 1279 sigillum
675 1197 777 1266 maius
799 1217 895 1282 penes
919 1215 977 1263 nos
1002 1216 1065 1262 non
1088 1196 1264 1276 habuimus,
1289 1193 1464 1278 sigillorum

118 1283 293 1349 munimine
317 1283 472 1351 roboravi.
495 1283 609 1351 Actum
632 1291 664 1352 et
687 1287 795 1352 datum
828 1285 860 1349 in
883 1285 991 1366 Dyaco
1013 1302 1111 1366 prope
1134 1282 1298 1350 ecclesiam
1320 1283 1463 1350 catedra-

118 1368 193 1472 lem,
217 1369 295 1437 XIII
320 1372 381 1473 ,die
414 1373 532 1474 mensis
565 1372 741 1455 Februarii,
777 1391 858 1439 anno
892 1371 1009 1439 domini
1044 1369 1212 1438 millesimo
1242 1371 1464 1437 trecentesimo

120 1464 644 1624 Qffiagidmfflgtoqlffiumento
666 1565 761 1614 manu
783 1545 910 1631 propria
932 1545 1143 1628 predictorum
1166 1545 1274 1612 fratris
1297 1543 1458 1627 Peregrini

118 1631 259 1716 episcopi
281 1637 314 1700 et
335 1631 374 1700 ir.
397 1633 554 1701 Ihanchci
577 1633 687 1701 vicarii
709 1640 757 1700 est
779 1633 966 1717 subscriptio
990 1632 1104 1701 lacta“.

183 1734 302 1790 Diversa
327 1737 507 1792 cancellariae
535 1737 603 1792 1354
626 1737 655 1791 in
673 1737 784 1792 archivo
802 1737 941 1807 ragusino.
970 1738 997 1790 0.
1025 1735 1146 1791 Jt'redck:
1165 1735 1335 1801 (lnorrssnrpr
1353 1737 1464 1802 cpbcrcn,

119 1808 245 1874 Beorprrp
264 1807 340 1862 1892.
359 1825 417 1874 erp.
436 1807 548 1863 31-32.

375 1947 497 2014 univ,
523 1947 597 2014 mn
618 1969 666 2012 nr.
694 1946 912 2013 currum.
940 1946 1023 2016 rear
1045 1945 1216 2030 (boumn.

187 2069 384 2137 Radoslavns
406 2071 522 2137 Lischa
551 2075 584 2138 et
606 2071 731 2154 Dragoe
760 2069 972 2138 Miroslavich.
1000 2075 1221 2152 procuratores
1243 2069 1389 2138 dominae
1412 2089 1464 2136 co-

120 2155 266 2224 mitissae
287 2156 420 2224 relictae
444 2158 600 2240 quondam
631 2158 755 2224 comitis
788 2154 939 2241 Vojslarh
962 2156 1057 2224 fidem
1084 2157 1211 2238 iaciunt,
1235 2159 1318 2239 quod
1339 2175 1466 2240 recepe-

121 2245 190 2311 rint
213 2265 253 2327 ,a
274 2243 303 2311 d.
326 2252 449 2312 rectore
478 2266 502 2312 s.
526 2245 670 2312 Iohanne
701 2247 740 2312 de
769 2245 898 2312 Tudisio
928 2251 961 2311 et
989 2265 1047 2311 suo
1077 2263 1175 2327 parvo
1204 2243 1334 2310 consilio
1357 2263 1465 2328 yperp.

121 2336 187 2398 900
209 2350 266 2415 pro
288 2332 441 2398 pomereio
463 2330 539 2399 salia
562 2332 636 2398 arni
658 2331 808 2414 completi
830 2335 870 2399 de
893 2331 973 2399 festo
996 2351 1020 2398 s.
1046 2331 1211 2400 Michaelis
1234 2351 1333 2416 nuper
1356 2332 1463 2416 elapso

121 2418 163 2485 de
185 2436 294 2486 mense
316 2417 510 2501 Septembris
533 2420 673 2503 proxime
694 2421 871 2502 preteritis
1463 2418 1464 2422 ’

188 2519 286 2576 nost:
305 2519 475 2586 Oromenus
493 2525 604 2590 opocen,
623 2521 660 2576 Π.
680 2523 722 2576 24.

287 2661 389 2728 MDV.
414 2661 489 2727 Post
510 2685 559 2729 nr.
587 2662 713 2728 OXOV.
743 2663 834 2745 1369,
865 2662 901 2732 ll
927 2662 1126 2744 Novembris,
1153 2661 1310 2734 vitalina.

190 2765 300 2866 iupan
322 2782 472 2851 Nicolans
505 2785 557 2866 (de
579 2785 782 2870 Altomagno)
805 2788 961 2854 communi
984 2788 1140 2870 ragusino,
1165 2789 1268 2853 medio
1291 2789 1340 2854 sui
1363 2789 1467 2853 nuncii

123 2869 245 2936 Radiia
267 2870 470 2954 Predislavit,
494 2873 634 2940 Nenadic
657 2874 774 2940 Braian
796 2893 867 2941 cum
890 2875 1041 2940 fratribus
1065 2874 1143 2940 nihil
1166 2875 1225 2941 sibi
1242 2875 1466 2942 deberetesta·

122 2957 374 3128 ffirmddsffggd.
390 2958 488 3026 libere
521 2961 554 3026 in
585 2959 671 3027 illius
700 2962 827 3044 regione
858 2961 987 3028 mercari
1017 2980 1118 3044 posse.
1150 2961 1282 3044 Scripsit
1304 2961 1467 3044 logotheta

189 3147 287 3204 Rrec:
315 3146 485 3214 Oromenus
512 3154 623 3217 optaram,
651 3151 690 3215 II,
717 3152 759 3205 24.
786 3151 864 3206 Idem
892 3152 982 3222 iupan
1010 3153 1141 3208 Nicolaus
1160 3153 1274 3224 requirit
1293 3171 1310 3206 a
1328 3153 1468 3208 communi

122 3218 257 3289 ragusino
275 3217 410 3273 tributum
427 3219 519 3276 medio
538 3221 581 3274 sui
600 3221 693 3276 nuncii
711 3221 792 3292 Zriep
811 3222 937 3292 Rogatic.
955 3221 1028 3277 Ibid.
1048 3241 1074 3294 p.
1094 3225 1135 3278 25.

489 3360 609 3429 MDVI.
632 3361 708 3428 Post
729 3383 779 3428 nr.
807 3361 987 3428 OGXXVI.
1014 3363 1107 3434 1376.

190 3481 322 3551 Ratione
354 3484 511 3550 communi
541 3485 690 3569 ragusino
721 3489 854 3552 mortem
885 3487 1062 3570 presbyteri
1093 3485 1296 3569 trebinjensis
1329 3485 1466 3550 Tardeni

123 3568 314 3638 notificando
336 3571 479 3653 requirit,
504 3577 539 3636 ut
561 3573 649 3640 iuxta
663 3573 763 3656 ipsius
781 3572 975 3640 voluntatem
998 3574 1175 3656 depositum
1191 3572 1341 3640 ecclcsiae
1356 3592 1381 3638 s.
1400 3572 1466 3638 Ste-

123 3655 224 3740 phani
238 3657 425 3739 consignent
440 3659 580 3724 eiusdem
595 3659 685 3726 fratri
701 3663 859 3743 calugiero
868 3666 900 3727 et
912 3660 1050 3743 patrueli
1059 3661 1172 3727 Berlin
1183 3666 1216 3726 et
1224 3660 1329 3744 nepoti
1342 3659 1463 3726 Ranko.

191 3759 291 3816 Parcit:
310 3763 478 3826 morannum
498 3763 608 3830 eponae,
626 3763 665 3830 ΙΙ,
683 3763 724 3818 2Ί.
746 3763 774 3818 0.
794 3763 915 3820 naretulo:
935 3769 1102 3830 Gnouerruuu
1121 3767 1231 3832 cpdcau,
1251 3783 1307 3832 cup.
1328 3765 1386 3819 101.

182 3917 318 3985 MDVII.
344 3918 420 3986 Post
442 3941 491 3986 ar.
520 3921 721 3988 COXXVII.
756 3920 849 4005 1377,
872 3921 970 3993 initio
996 3923 1196 4010 Novembris,
1221 3921 1407 3993 Podvlsoki.

190 4041 313 4110 Radiclr
334 4043 374 4110 de
398 4043 502 4112 Clissa
524 4047 679 4111 communi
703 4047 851 4130 ragusino
874 4065 908 4112 se
931 4054 1061 4115 excusat
1082 4055 1211 4132 propter
1234 4053 1356 4114 certum
1372 4047 1468 4114 vect'-

123 4127 187 4214 gal,
210 4147 248 4197 eo
271 4132 363 4213 qnod,
385 4132 544 4216 profectus
573 4133 606 4198 in
635 4133 782 4219 Bosnam,
814 4135 854 4200 de
887 4136 1035 4202 mandato
1066 4136 1151 4218 regis
1181 4135 1303 4202 &snae
1326 4137 1365 4202 de
1388 4136 1467 4202 Pod-

129 4213 229 4285 risolri
250 4219 339 4300 regio
362 4219 513 4287 exercitui
536 4219 684 4288 accedere
707 4219 862 4288 debuerit.
1298 4250 1301 4260 ·

193 4321 222 4378 0.
240 4321 363 4378 Jbablc:
382 4325 550 4387 choreum
568 4325 678 4391 epdorrn,
698 4342 755 4391 crp.
773 4324 868 4378 37-8.

487 4463 640 4531 moun.
671 4463 747 4531 Posi
769 4488 817 4532 nr.
845 4465 988 4531 corni.
1016 4441 1108 4534 reae.

190 4584 370 4669 Stephanus
393 4585 523 4670 Tartko,
545 4607 601 4655 rex
622 4588 755 4672 Bosnao,
778 4591 935 4657 communi
957 4590 1115 4674 ragusino,
1132 4590 1215 4656 mitti
1233 4590 1292 4657 sibi
1309 4609 1367 4674 per
1387 4609 1465 4657 nun-

125 4673 212 4744 cium
232 4675 336 4760 cojar
356 4675 550 4761 Dragoiavit
570 4677 725 4746 tributum
746 4697 772 4746 s.
795 4678 960 4760 Demetrii,
983 4679 1102 4747 scribit
1305 4782 1329 4826 ἦ
