3428 5256
247 271 307 335 176

245 477 298 562 111
319 477 474 544 lobannis
495 477 589 546 huius
611 478 746 546 nominis
767 477 924 562 pontificis
950 503 1036 546 xmn.
1060 477 1259 562 pontificatus
1288 479 1338 546 mi
1366 498 1449 547 anno
1471 482 1589 562 quarto
1709 437 1711 484 ὲ

246 563 423 632 liberalitas
453 565 550 632 variis
579 565 716 632 excoluit
746 567 935 650 ornauitque
965 566 1097 634 indultis
1126 567 1347 650 prerogatiuis.
1375 565 1456 634 Cum
1477 571 1589 633 111111
1709 547 1711 616 Ϊ

247 653 347 718 eciam
378 652 469 719 sedes
499 653 557 719 hec
587 653 774 736 episcopalis
804 654 844 720 de
873 655 1013 738 presenti
1046 671 1160 721 vacare
1192 654 1375 721 dinoscetur
1409 653 1589 736 exindeque

246 740 383 806 maxime
404 739 547 806 oriantur
575 741 780 818 incommoda,
806 741 882 824 quin
904 742 1006 816 immo,
1024 745 1057 808 et
1077 741 1255 809 animarum
1280 741 1403 808 iactura
1424 759 1463 807 10
1484 739 1591 822 magia

247 826 372 893 lunesto
401 828 632 894 extimescenda
664 828 715 907 sit,
744 846 815 896 eum
846 847 907 894 non
936 827 1040 896 solum
1069 829 1140 910 ipsu
1161 836 1249 895 terra
1270 827 1439 910 Moldanie,
1466 827 1500 893 in
1524 845 1592 909 qua

247 913 390 980 Grecana
420 913 541 981 heresis
571 932 695 997 quoque
724 916 776 982 die
806 915 908 999 magia
938 934 976 984 ae
1005 916 1106 1000 magis
1135 915 1292 1000 pullulare
1326 916 1451 996 dicitnr,
1475 916 1531 981 sed
1556 919 1593 980 et

248 999 372 1065 finitimi
394 999 469 1067 huic
490 1007 575 1069 terre
605 999 706 1068 (liculi
735 1009 904 1086 partesque
924 1002 1141 1086 Transalpino,
1174 1001 1392 1070 deficientibus
1417 1000 1533 1068 iisdem
1555 1000 1592 1066 in

247 1088 313 1154 oria
335 1087 433 1155 eciam
453 1087 605 1154 iratribus
620 1088 739 1155 ordinis
754 1091 921 1172 minorum,
938 1089 1223 1158 ecclesiasticarum
1238 1107 1444 1174 personarum
1459 1089 1594 1172 innupla

247 1174 297 1240 vel
319 1175 454 1240 maxims
476 1174 652 1259 periculoso
675 1176 734 1242 101
756 1182 900 1259 tempore
921 1175 1073 1245 laborent.
1096 1177 1179 1244 Hinc
1201 1176 1395 1243 fraternitati
1411 1181 1466 1242 tus
1481 1180 1593 1243 11110·

246 1263 343 1328 ritate
365 1262 536 1346 apostolica
564 1263 647 1330 serio
675 1263 878 1348 iniungimus,
911 1270 947 1330 ut
978 1282 1015 1332 eo
1037 1283 1137 1347 usque
1159 1264 1270 1345 eciam,
1298 1265 1398 1331 donec
1421 1264 1594 1330 adiuvante

247 1349 354 1414 diuino
380 1349 506 1428 auxilio,
535 1349 659 1433 dequo
689 1351 775 1416 ocius
806 1351 1015 1418 restaurando
1041 1354 1109 1419 sine
1131 1352 1314 1436 episcopatu
1340 1352 1494 1418 01111111
1518 1349 1591 1416 sine

246 1454 321 1504 vero
343 1435 580 1516 bacchowiensi,
612 1455 684 1503 curn
708 1437 833 1504 dilecto
859 1439 893 1504 in
916 1438 1042 1506 Christo
1069 1438 1134 1506 filio
1164 1445 1273 1505 nostro
1295 1436 1445 1506 Ladislao
1467 1435 1590 1504 illustri

247 1541 322 1604 rege
343 1523 474 1590 Polonis
495 1524 700 1606 subiectoque
734 1525 838 1592 eidem
867 1525 940 1592 Elia
970 1527 1111 1610 palatino
1142 1519 1313 1608 Moldauie,
1335 1544 1393 1610 per
1414 1523 1592 1609 apostolica

247 1611 367 1693 scripta
388 1610 553 1694 prouidere
575 1612 750 1694 poterimus
779 1630 886 1678 curam
919 1611 1112 1696 pastoralem
1134 1613 1229 1681 torris
1251 1613 1284 1678 in
1307 1610 1593 1694 supramemoratis

247 1715 305 1781 per
326 1704 359 1762 te
381 1705 414 1763 et
436 1695 525 1779 alios,
548 1716 626 1780 quos
649 1697 689 1766 ad
711 1699 745 1764 id
766 1698 895 1766 idoneos
910 1704 944 1766 et
964 1699 1157 1767 sufficientes
1178 1700 1351 1784 putaveris,
1379 1705 1411 1764 et
1427 1699 1593 1782 signanter

248 1803 306 1866 per
327 1782 443 1849 iratres
465 1784 604 1852 minores
625 1785 665 1852 de
687 1784 828 1868 regulari
858 1787 1063 1855 observancia
1084 1788 1245 1870 provincie
1266 1786 1432 1853 bonnensis
1454 1785 1593 1852 solerter

250 1877 282 1936 et
303 1871 372 1937 sine
394 1889 483 1936 mora
505 1890 651 1938 exerceas
673 1877 706 1940 et
728 1874 867 1940 exerceri
888 1872 996 1941 facies.
1020 1874 1087 1940 Nec
1108 1893 1198 1941 11111
1220 1874 1280 1940 sub
1301 1873 1394 1956 gravi
1417 1871 1592 1957 apostolica

247 1957 342 2024 huius
363 1957 448 2024 sedis
470 1959 688 2041 indignacionc
710 1965 743 2026 et
764 1979 897 2027 censura
919 1960 1040 2028 feceris.
1065 1959 1166 2044 Super
1188 1961 1302 2043 quibus
1321 1966 1429 2027 111111
1444 1961 1594 2026 omnibns

248 2044 374 2128 plenam
396 2059 429 2110 11
450 2046 661 2112 omnimodam
676 2055 786 2114 tenore
807 2048 1000 2132 presentium
1016 2049 1073 2114 tibi
1089 2049 1287 2116 1011111111
1309 2048 1502 2115 auctoritate
1518 2065 1594 2129 110-

247 2131 358 2198 stolica
380 2130 571 2200 facultatem.
597 2134 714 2199 Datum
730 2134 892 2201 Florencie
907 2154 989 2202 anno
1004 2135 1233 2202 incarnacionis
1247 2134 1404 2202 dominice
1419 2157 1590 2202 uonmm

250 2218 372 2284 decimo
401 2219 535 2302 septimo
559 2219 707 2287 calendas
730 2220 888 2303 Octobris,
910 2219 1110 2304 pontificatus
1133 2223 1234 2290 nostri
1257 2241 1339 2290 anno
1362 2240 1454 2290 nono.

313 2321 441 2376 Tabular.
460 2327 611 2378 conventus
628 2323 744 2378 fratrum
761 2324 900 2380 minorum
916 2324 1098 2381 koloararien.
1116 2323 1201 2381 11111
1212 2341 1291 2381 exem
1311 2326 1378 2393 lum,
1391 2324 1470 2396 qnod
1483 2324 1594 2380 editum

250 2390 303 2445 fuit
320 2392 347 2444 in
367 2391 511 2460 »Magaain
529 2391 575 2446 fiir
586 2391 751 2448 Gesehiobte
775 2393 1023 2466 Siebenburgen’s‹
1049 2411 1074 2450 v.
1093 2396 1158 2450 Ant.
1176 2395 1252 2450 Kurz
1318 2395 1407 2466 Bmd,
1426 2413 1453 2467 p.
1473 2395 1594 2452 26—28.

250 2491 285 2502 -
302 2459 394 2517 Saabo
412 2462 516 2532 Kierolp
534 2461 651 2534 Saekely
669 2463 842 2534 Okmanyttr
859 2464 1009 2521 Kolosrart
1027 2465 1104 2522 1872.
1122 2463 1137 2518 I
1156 2465 1213 2521 lot.
1232 2483 1260 2538 p.
1277 2466 1320 2521 42.

605 2619 754 2689 DGOXG.
782 2619 1007 2704 1411111111
1031 2621 1240 2712 Septembris.

316 2741 477 2824 Eugenius
499 2741 563 2808 PP.
585 2743 641 2810 IV.
665 2744 818 2813 Thomam
840 2746 1020 2830 episcopum
1039 2745 1263 2829 ,pharensem“
1281 2747 1314 2812 in
1329 2745 1467 2814 Boanum
1482 2745 1596 2832 mittit,

253 2847 315 2910 qua
337 2828 477 2912 legatum
498 2830 583 2897 sedis
605 2831 805 2920 apostolicae,
828 2851 900 2900 curn
922 2833 1072 2902 facultate
1094 2839 1160 2901 tres
1183 2834 1307 2918 equites
1330 2835 1467 2902 creandi

315 2931 493 3000 Kokalicoa'd:
510 2932 622 2989 Iavadci
639 2933 732 2990 listina
749 2934 901 2992 bosauakih
918 2937 947 2991 in
965 2935 1052 2992 Arkiv
1068 2937 1107 3006 11,
1126 2936 1212 2994 Rard.
1229 2935 1254 3003 I,
1272 2953 1299 3009 p.
1318 2937 1360 2994 16.

583 3089 746 3160 mccxcl.
773 3093 864 3176 1439,
888 3093 987 3164 litell
1009 3094 1045 3165 ln
1067 3093 1251 3183 ilungarla.

257 3211 436 3297 Capitulum
460 3214 600 3280 titulasse
622 3216 748 3282 dioeces.
765 3217 897 3284 bocaico.
914 3226 1044 3284 enarrat
1059 3218 1198 3284 etodium
1216 3239 1239 3282 a.
1256 3216 1371 3283 Jacoba'
1387 3219 1425 3283 de
1445 3215 1598 3282 Mardara

253 3301 336 3366 circo
358 3299 506 3366 hereticos
536 3302 637 3369 dictae
667 3303 813 3370 dioececis
844 3306 1070 3386 corrocrteodos,
1103 3307 1229 3390 exponit
1252 3305 1388 3370 eiusdem
1410 3304 1599 3388 salutiferos

449 3388 583 3472 effectus,
612 3410 738 3476 caraque
759 3392 954 3458 sanctissimo
973 3394 1063 3479 patri
1086 3391 1174 3458 enixe
1196 3393 1397 3458 commendet.

318 3507 506 3577 Beatissimo
537 3517 629 3594 pater
659 3520 691 3579 et
719 3515 917 3582 sanctissime
947 3515 1073 3582 domiue
1104 3521 1218 3582 noster.
1241 3515 1319 3582 Post
1340 3515 1456 3598 pedum
1486 3513 1599 3581 oscula

254 3595 426 3676 beatorum,
451 3603 556 3664 vestre
580 3601 778 3682 presentibus
800 3601 1038 3684 significandum
1052 3602 1199 3670 duximus
1213 3602 1385 3682 sanctitati,
1403 3601 1488 3685 quod
1500 3620 1597 3669 vene-

254 3684 371 3750 randue
395 3689 495 3770 pater,
519 3687 662 3754 dominus
685 3687 784 3755 irater
805 3688 943 3756 lacobus
960 3691 998 3756 de
1013 3691 1172 3774 Marchya,
1189 3689 1326 3757 vicarius
1340 3689 1456 3777 Boane,
1475 3689 1599 3756 ordinis

254 3767 389 3834 fratrum
410 3771 576 3854 minorum,
599 3774 766 3855 indagator
788 3781 821 3842 et
842 3777 1018 3861 extirpator
1040 3778 1178 3846 heretice
1206 3777 1376 3861 prauitatis
1398 3795 1455 3861 per
1478 3775 1597 3844 saucti-

255 3861 354 3921 tatem
376 3863 515 3925 vestram
543 3863 582 3924 ad
606 3880 738 3943 regnum
764 3862 925 3948 Hungarie
948 3863 1134 3947 destinatus,
1164 3866 1288 3948 peregit
1310 3862 1420 3930 multis
1442 3862 1502 3948 (in)
1524 3862 1599 3930 aliis

157 4021 159 4025 v
255 3943 354 4026 ipsius
376 3945 466 4025 regni
488 3946 630 4028 partibus
652 3967 713 4014 non
736 3950 803 4015 sine
826 3951 962 4017 maximo
986 3953 1126 4034 corporis
1148 3953 1198 4019 sui
1220 3951 1373 4034 periculo,
1389 3950 1599 4034 iampridem

256 4029 296 4095 ad
326 4029 408 4094 banc
437 4029 631 4098 colocensem
663 4039 694 4100 et
722 4036 923 4105 bachiensem
952 4039 1100 4106 canonice
1129 4039 1267 4105 inuicem
1296 4039 1419 4104 unitam
1445 4037 1600 4104 diocesim

257 4134 328 4181 cum
351 4117 417 4181 suis
439 4115 590 4186 fratribus
612 4119 770 4205 applicuit,
795 4124 848 4190 ubi
871 4126 966 4190 dente
988 4125 1123 4191 Domino
1138 4126 1314 4193 uberrimos
1329 4122 1599 4192 tructuseoclesie

257 4207 365 4268 sancte
387 4203 448 4270 Dei
470 4207 653 4288 reportauit.
677 4207 757 4276 Nom
779 4209 932 4293 plurimos
954 4212 1110 4280 hereticos
1133 4217 1199 4280 tam
1221 4213 1353 4279 clericos
1368 4231 1463 4296 quam
1479 4211 1591 4294 laycos

259 4307 391 4369 quorum
413 4291 446 4354 in
468 4291 528 4356 hiis
559 4290 699 4361 finitimis
729 4297 870 4379 partibus
900 4319 918 4361 a
940 4297 1042 4381 longis
1064 4300 1259 4384 temporibus
1281 4299 1372 4381 copia
1392 4299 1505 4382 ingens
1528 4295 1591 4382 pul·

258 4373 390 4474 1111111,
427 4378 672 4460 comprehendit,
703 4388 735 4447 et
768 4396 825 4466 per
847 4383 982 4468 diligens
1014 4389 1201 4453 scrutinium
1231 4407 1269 4454 ex
1292 4387 1475 4453 eorumdem
1497 4388 1595 4453 eciam

259 4463 469 4528 hereticorum
491 4463 635 4532 ultronea
658 4467 802 4550 laesione,
825 4471 904 4538 alios
927 4473 959 4537 in
981 4471 1072 4540 siluis
1087 4471 1167 4541 alios
1189 4475 1222 4540 in
1245 4471 1393 4557 cellariis,
1419 4472 1501 4541 alios
1525 4493 1587 4540 ven

260 4548 292 4614 in
315 4547 512 4630 molendinis,
536 4551 703 4621 nonnullos
726 4563 832 4624 autem
853 4559 887 4623 in
909 4561 1066 4642 speluncis
1088 4566 1120 4628 et
1141 4562 1287 4630 11111111
1309 4561 1463 4628 montium
1488 4565 1522 4628 et
1537 4568 1595 4630 ter·

260 4653 368 4701 rarum
390 4636 499 4706 diuina
519 4639 744 4726 prophanasse,
768 4649 801 4712 et
822 4645 880 4713 snb
902 4653 1038 4730 utraque
1063 4649 1169 4732 specie
1192 4667 1211 4716 a
1233 4647 1343 4717 multis
1365 4654 1453 4716 retro
1476 4653 1595 4734 tempo
