3406 5262
1397 335 1456 396 123

110 535 264 608 consen
287 536 454 617 subiicere,
477 536 626 620 dictaque
648 537 718 606 loca
740 537 801 605 sibi
824 535 984 622 applicare
1006 536 1227 619 moliebantur,
1250 538 1284 604 in
1301 523 1409 604 doadi
1426 542 1458 604 et

108 621 245 690 fratrum
269 625 481 707 predictorum
504 625 659 692 iacturam
690 631 723 692 et
752 643 934 712 gravamen,
958 627 1102 708 quamvis
1132 626 1277 692 minister
1299 624 1458 707 generalis

108 710 187 778 dicti
193 711 343 794 gordinis,
377 711 431 794 qui
462 717 532 778 erat
551 731 608 794 pro
638 717 791 796 tempore,
824 711 893 780 looo
923 715 973 779 sui
1004 713 1154 779 vicarium
1185 713 1279 779 dictis
1305 711 1458 779 iratribus

107 797 246 864 haberet
268 799 431 880 deputare,
465 799 517 865 cui
548 804 580 866 et
611 799 695 866 dicto
725 799 871 866 ministro
900 799 1043 882 generali
1066 799 1215 865 existenti
1237 819 1294 882 pro
1316 805 1459 882 tempore

107 884 225 968 prelati
248 883 374 966 fratres,
397 884 481 950 intra
503 886 661 969 predictos
683 885 801 953 limites
816 889 977 971 degentes,
1001 887 1089 954 iuxta
1110 886 1212 970 ipsius
1231 887 1351 952 ordinis
1366 905 1459 970 regu-

107 971 192 1038 laris
213 971 361 1038 instituta
383 973 536 1039 duntaxat
570 973 699 1040 subesse
722 979 914 1040 ωηοηοηωτ.
937 975 981 1040 Et
1003 974 1117 1040 deinde
1140 992 1198 1056 pro
1221 979 1312 1058 parte
1334 991 1457 1040 eorum-

109 1060 183 1126 dem
207 1057 445 1126 Bartholomaei
467 1059 577 1126 ricerii
600 1065 633 1126 st
654 1060 799 1141 fratrum,
821 1059 967 1144 praefato
989 1059 1121 1142 bugeio,
1144 1065 1220 1126 ωηο
1242 1059 1396 1142 Gregorio
1411 1083 1455 1124 xu

108 1144 298 1229 supplicato,
330 1150 367 1212 ut
396 1148 443 1212 eis
473 1146 506 1211 in
536 1148 698 1229 premissis
728 1152 904 1230 opportune
938 1148 1104 1230 providere
1137 1147 1339 1229 dignensium
1374 1143 1458 1212 idem

108 1231 254 1314 Angelus
277 1239 353 1298 tuuc
375 1232 549 1316 Gregorius
571 1259 616 1299 xxx
636 1253 695 1316 per
716 1253 791 1300 suas
814 1235 893 1300 certi
908 1235 1028 1300 tenoris
1050 1233 1177 1300 litteras
1199 1235 1313 1300 statuit
1327 1238 1360 1298 et
1375 1233 1457 1299 ordi-

108 1321 209 1404 navit,
233 1320 318 1402 qnod
340 1318 456 1386 fratres
486 1321 629 1386 eiusdem
651 1321 772 1387 ordinis
804 1325 880 1387 ωηο
902 1327 1086 1402 praesentes
1109 1325 1141 1385 et
1164 1319 1273 1402 loturi,
1297 1320 1352 1402 qui
1374 1321 1458 1386 inter

109 1407 238 1474 eosdem
262 1404 381 1472 limites
411 1425 468 1488 pro
490 1413 634 1491 tempore
656 1407 843 1490 residerent,
875 1408 934 1475 sub
957 1407 1075 1474 nullius
1097 1407 1298 1490 provincialis
1320 1406 1458 1472 ministri

110 1499 168 1560 ant
192 1491 326 1559 alterius
348 1493 521 1575 superioris
542 1513 597 1560 seu
621 1494 757 1578 praelati
780 1494 913 1578 predicti
936 1495 1056 1561 ordinis
1079 1499 1236 1576 potestate
1258 1499 1455 1576 regerentur,

111 1599 172 1648 nec
192 1579 255 1661 ipsi
278 1579 488 1660 provinciales
510 1581 648 1647 ministri
677 1600 734 1647 ssu
764 1583 943 1666 superiores
967 1586 1021 1647 aut
1048 1579 1207 1660 officiales,
1231 1579 1271 1646 de
1294 1580 1372 1663 ipsis
1395 1579 1460 1647 lra-

110 1667 217 1732 tribus
238 1665 322 1734 inlra
344 1669 471 1733 eosdem
492 1666 609 1734 limites
632 1668 821 1751 degentibus
843 1687 901 1750 pro
925 1675 1066 1750 tempore
1089 1673 1122 1732 et
1144 1686 1254 1733 eorunm
1276 1665 1365 1747 locis,
1385 1671 1461 1732 ωηο

110 1753 280 1836 susceptis,
304 1759 337 1818 st
360 1753 458 1818 stiam
487 1753 519 1819 in
551 1754 692 1821 futurum
720 1755 928 1837 suscipiendis
960 1773 1016 1835 per
1038 1755 1134 1836 ipsos,
1158 1754 1407 1836 quibuscumque
1429 1757 1462 1818 et

111 1840 294 1921 ubicunque
316 1841 405 1906 iuxta
425 1839 542 1907 limites
565 1841 681 1908 sicarie
704 1846 737 1908 et
758 1842 893 1908 confinia
914 1843 1004 1925 regni
1026 1839 1169 1924 Ungarie
1184 1841 1407 1924 predictorum,
1423 1857 1461 1906 ec

109 1927 145 1992 in
168 1925 334 1992 Dalmatis
358 1927 504 2009 partibus
526 1933 559 1994 et
580 1928 694 1995 insulis
716 1929 895 2006 antedictis,
928 1949 963 1996 se
987 1929 1198 1994 intromittere
1220 1928 1373 1994 deberent
1394 1925 1460 1992 ullo

111 2015 226 2092 mod03
249 2013 307 2079 sed
331 2013 392 2097 ipsi
415 2013 531 2081 babes
554 2033 625 2080 oum
642 2015 736 2082 dictis
758 2013 845 2098 locis,
870 2015 954 2082 dicta
975 2015 1122 2082 ministro
1144 2013 1296 2096 generali,
1319 2033 1377 2080 nec
1399 2032 1462 2080 non

110 2100 233 2167 sicano
255 2117 313 2182 per
335 2101 465 2166 eosdem
488 2099 604 2168 fratres
627 2107 686 2168 eto.
709 2121 767 2186 pro
789 2109 933 2187 tempore
956 2103 1057 2170 electo
1079 2120 1135 2168 seu
1158 2100 1328 2184 postulato,
1352 2119 1388 2166 ac
1405 2119 1462 2184 per

110 2188 236 2254 dictum
258 2185 440 2269 generalem
463 2189 643 2254 ministrum
665 2191 853 2256 existentem
872 2209 929 2272 pro
952 2195 1093 2272 tempore
1116 2187 1263 2254 instituto
1286 2207 1343 2254 seu
1366 2190 1463 2270 depu-

110 2282 180 2341 tato
213 2279 270 2339 aut
301 2273 487 2341 confirmato
516 2275 606 2341 iuxta
635 2275 756 2342 ordinis
786 2281 820 2343 et
853 2275 970 2342 vicaria
1004 2274 1185 2340 huiusmodi
1219 2275 1462 2341 consuetudines

111 2361 259 2444 subesse,
282 2377 320 2426 ac
340 2360 407 2427 illis
428 2361 596 2428 intendere
619 2368 652 2430 st
674 2381 731 2444 per
753 2363 840 2445 ipsos
860 2364 1017 2430 duntaxat
1039 2362 1211 2443 gubernari
1235 2363 1396 2428 deberent.

177 2448 385 2514 Postmodum
408 2466 484 2515 vero
514 2448 649 2515 dilectus
681 2447 764 2516 fitius
796 2449 951 2514 Antonius
973 2449 1013 2515 de
1045 2448 1163 2531 Massa,
1187 2447 1263 2514 dicti
1287 2449 1407 2514 ordinis
1429 2452 1461 2514 et

112 2551 206 2602 sacre
229 2535 345 2618 pagine
368 2533 539 2616 professor,
563 2553 602 2602 ac
624 2536 765 2602 eiusdem
788 2537 908 2602 ordinis
931 2534 1090 2616 generalis
1105 2535 1250 2600 minister
1274 2535 1304 2598 in
1320 2533 1462 2616 generali

110 2621 254 2706 capitulo
277 2621 419 2688 eiusdem
442 2622 563 2688 ordinis
586 2621 733 2688 Ferraria
755 2622 913 2690 celebrato
944 2623 1075 2706 provide
1097 2623 1264 2687 attendens
1286 2621 1461 2688 indefessos

110 2709 241 2777 labores
270 2713 303 2775 et
330 2707 571 2784 sollicitudines,
603 2727 684 2791 quos
713 2710 851 2776 sicarius
874 2714 907 2774 et
937 2707 1052 2774 iratres
1074 2707 1158 2774 inira
1179 2707 1298 2773 limites
1320 2707 1460 2790 prelatos

110 2798 269 2877 degentes
292 2813 350 2876 pro
372 2793 434 2862 lide
457 2793 613 2864 catholica
637 2795 800 2876 perferunt
821 2796 1025 2876 incessanter,
1048 2795 1089 2860 ds
1122 2793 1253 2862 consilio
1277 2793 1355 2860 dicti
1377 2794 1462 2878 capi·

110 2882 174 2950 tuli
198 2888 232 2948 et
255 2884 444 2949 auctoritate
476 2883 526 2950 sui
555 2883 758 2965 generalatus
787 2881 881 2949 officii
905 2901 1013 2948 omnes
1032 2883 1161 2964 gratias,
1189 2899 1269 2964 quas
1291 2883 1462 2948 modernus

109 2970 229 3052 suique
252 2973 469 3036 antecessores
492 2969 601 3038 vicani
624 2971 709 3036 dicte
732 2970 858 3050 viceris,
882 2990 901 3035 a
922 2987 1118 3052 quocumque
1141 2986 1198 3034 suo
1220 2969 1464 3050 praedecessore

112 3076 172 3125 seu
197 3053 338 3137 capitulo
360 3055 549 3142 babuerunt,
572 3061 629 3124 eut
651 3057 736 3124 dicta
757 3056 877 3124 vicaria
898 3057 1020 3136 habuit,
1044 3073 1123 3138 quas
1138 3073 1247 3121 omnes
1269 3060 1302 3121 et
1324 3053 1465 3137 singulas

114 3149 195 3211 ωηο
218 3160 278 3225 pro
301 3141 448 3209 exhibitis
479 3150 512 3210 et
540 3144 732 3226 presentatis
763 3143 874 3210 baberi
897 3141 1006 3222 voluit,
1029 3160 1101 3208 cum
1123 3141 1269 3208 omnibus
1291 3140 1369 3206 locis
1390 3141 1465 3208 hao-

115 3241 214 3298 tenus
237 3227 361 3295 scilicet
382 3235 416 3295 et
438 3248 538 3312 usque
561 3231 602 3298 ad
625 3231 744 3298 dictum
767 3228 917 3312 generals
940 3228 1122 3311 capitulum,
1147 3229 1331 3312 procedam
1348 3227 1466 3292 vicaria

110 3317 252 3386 ubilibet
274 3315 393 3383 babitis
414 3335 471 3382 seu
493 3317 631 3398 receptis
660 3317 848 3400 approbarit
878 3319 911 3382 st
933 3315 1140 3396 confirmavit,
1163 3321 1258 3398 prout
1279 3315 1312 3379 in
1334 3312 1465 3397 prefatis

112 3423 151 3472 ac
176 3404 280 3488 ipsius
303 3403 431 3469 Antonii
454 3403 613 3486 generalis
636 3403 772 3470 ministri
794 3403 853 3470 snb
875 3401 981 3484 sigillo
1003 3402 1142 3486 munitis,
1160 3401 1296 3483 desuper
1311 3399 1465 3466 conlectis

110 3490 247 3576 litteris,
271 3487 396 3572 plenius
418 3491 606 3556 crantinstur.
631 3488 710 3556 Cum
734 3495 840 3558 autem
869 3490 952 3554 sicut
974 3491 1085 3556 eadem
1112 3488 1224 3572 petitio
1246 3487 1466 3570 subiungebat,

111 3596 181 3650 ros,
208 3577 264 3658 qui
289 3577 488 3658 postmodum
519 3578 616 3643 etiam
647 3579 804 3659 quaedam
826 3575 890 3642 alia
912 3575 981 3642 loca
1011 3575 1108 3646 vobis,
1134 3593 1190 3656 pro
1216 3575 1330 3640 vestris
1353 3593 1412 3640 usu
1435 3579 1468 3639 st

111 3664 243 3746 relegio
265 3663 436 3744 assignate,
467 3665 641 3748 recepistis,
674 3663 826 3730 dubitetis
857 3681 952 3744 super
981 3662 1075 3728 dictis
1104 3660 1182 3728 locis
1211 3663 1385 3744 premissis,
1410 3679 1468 3726 nec

112 3750 355 3835 provinciarum
377 3747 539 3817 ministros
569 3769 606 3816 ac
634 3751 813 3832 superiores
844 3749 920 3818 dicti
943 3749 1063 3814 ordinis
1089 3747 1250 3814 molestari
1273 3767 1366 3832 posse
1387 3753 1467 3814 tem·

111 3856 194 3923 pore
227 3838 437 3920 procedente,
472 3843 509 3902 ut
540 3835 657 3902 litteris
687 3836 820 3920 prefatis
850 3855 906 3919 pro
935 3835 1063 3902 illarum
1097 3835 1304 3900 subsistentia
1337 3833 1468 3900 firmiori

111 3925 215 3992 robur
239 3921 434 4006 apostolicae
457 3922 704 3990 confirmationis
727 3924 874 4002 adiicere,
897 3921 1040 4004 aliasque
1068 3921 1113 3988 eis
1137 3925 1171 3986 et
1193 3939 1302 3987 eorum
1324 3921 1466 4004 tranqui-

110 4012 203 4080 litati
227 4015 405 4094 opportune
428 4010 594 4093 providere
617 4013 656 4076 de
678 4010 874 4094 benignitate
901 4009 1076 4088 apostolica
1097 4008 1311 4090 dignaremur.

180 4097 248 4163 Nos
271 4097 373 4179 igitur
396 4097 552 4164 dictarum
575 4095 755 4162 litterarum
777 4103 904 4163 tenores
927 4097 1081 4161 babentes
1104 4095 1324 4177 praesentibus
1340 4113 1397 4176 pro
1414 4111 1466 4160 ex-

112 4185 236 4269 pressis
258 4201 297 4250 ac
319 4184 497 4272 cupientes,
528 4189 564 4250 ut
593 4184 731 4250 vicarius
754 4189 787 4249 at
808 4183 925 4248 fratres
947 4181 1029 4248 infra
1052 4183 1152 4247 dictos
1174 4180 1295 4247 limites
1317 4180 1469 4263 degentes

109 4291 173 4358 pro
196 4277 353 4354 tempore,
378 4289 416 4336 eo
438 4271 577 4352 quietius
599 4271 716 4336 divinis
739 4270 902 4352 obsequiis
924 4287 962 4336 ac
983 4267 1123 4350 regulari
1146 4267 1347 4334 observantie
1368 4268 1469 4332 inten-

109 4361 202 4444 dere,
226 4377 286 4425 nec
313 4377 376 4424 non
408 4377 466 4441 pro
498 4357 560 4424 fide
593 4355 749 4424 catholica
771 4356 946 4423 ferventius
976 4354 1122 4422 laborare
1145 4354 1280 4438 valeant,
1307 4373 1369 4436 quo
1392 4373 1470 4420 sea

111 4445 311 4529 quibuslibet
342 4443 498 4510 molestiis
530 4449 563 4510 et
592 4443 883 4528 perturbationibus
906 4459 962 4526 per
994 4443 1187 4526 ampliasse
1212 4441 1468 4507 noverintabso-

112 4532 212 4615 lutos,
235 4531 420 4598 huiusmodi
443 4530 726 4614 supplicationibus
748 4529 893 4596 inclinati
916 4529 1041 4597 litteras
1060 4529 1200 4611 prelatas
1223 4533 1256 4593 et
1271 4545 1469 4609 quecumque

111 4619 188 4686 inde
210 4624 324 4686 secuta
347 4619 538 4684 auctoritate
561 4617 735 4701 apostolica
757 4615 977 4682 confirmamus
1001 4621 1033 4680 et
1055 4617 1211 4700 presentis
1233 4614 1343 4697 scripti
1363 4620 1470 4697 patro-

119 4707 199 4774 oinio
220 4704 467 4787 communimus,
490 4705 633 4771 districte
648 4706 828 4771 inhibentes
842 4702 1089 4786 provincialibus
1104 4701 1257 4768 ministris
1272 4701 1471 4784 presentibus
