3406 5262
1551 8 1610 17 ,,,,,
1611 9 1701 138 Ἰ

260 280 321 345 166

257 487 386 575 plebani
419 493 452 557 et
485 493 676 572 executores,
709 489 738 557 si
772 488 831 558 hoc
864 489 1006 572 fecerint,
1030 491 1110 558 bene
1139 489 1276 574 quidem,
1299 487 1438 574 alioquin
1461 489 1547 574 ipsos
1568 495 1600 558 et

258 597 368 646 eorum
390 575 562 658 quemlibet
589 576 622 643 in
653 577 847 660 presenciam
877 576 980 646 fidelis
1007 579 1106 645 nostri
1137 579 1242 646 dovoti
1265 577 1382 660 dilecti,
1405 577 1596 647 reverendis·

257 665 376 732 simitu
393 665 517 732 Ohristo
532 665 642 750 patris,
657 665 777 732 domiui
793 665 933 748 Georgii,
950 666 1176 750 archiepiscopi
1192 665 1416 748 strigoniensis
1433 666 1599 750 vicariique

257 752 347 838 regni
369 751 469 820 nostri
491 751 654 835 Hungarie
678 753 820 836 predicti,
845 755 886 820 ad
909 771 1026 821 nouum
1048 754 1131 820 diem
1160 751 1381 820 notificatiouis
1402 756 1596 838 presencium

257 840 304 906 eis
327 840 429 907 fiende
450 840 705 922 computandum,
729 841 768 907 de
790 840 953 922 premissis
974 858 1183 922 responsuros
1204 840 1308 924 quoad
1322 842 1457 908 eundem
1471 840 1599 908 mahom

256 928 421 1006 iacobum,
444 925 548 1004 (citari
571 926 710 1012 debere).
733 925 875 994 Tandem
894 927 1009 995 seriem
1032 927 1170 995 omnium
1184 927 1418 1012 premissorum,
1443 934 1537 1012 prout
1550 948 1598 996 ex-

258 1015 391 1098 pedieus
413 1013 518 1096 luerit,
553 1031 611 1097 per
642 1019 825 1081 annotatum
859 1015 1032 1099 capitulum
1065 1015 1234 1083 bachiense
1267 1020 1440 1083 memorato
1474 1015 1598 1083 domino

258 1102 495 1186 archiepiscopo
522 1099 731 1184 Strigoniensi
761 1103 990 1169 conscienciose
1018 1102 1151 1170 rescribi
1181 1101 1325 1169 volumus
1348 1107 1380 1170 et
1402 1103 1597 1184 mandamus,

256 1190 456 1272 presentibus
478 1188 625 1271 perlectis
648 1194 682 1255 et
704 1189 934 1257 exhibentibus.
959 1190 1078 1256 Datum
1104 1189 1193 1257 Bude
1214 1190 1313 1256 tercio
1336 1190 1389 1257 die
1410 1189 1485 1257 festi
1507 1207 1599 1274 posco

256 1277 384 1360 domini,
409 1296 492 1343 anuo
514 1275 654 1343 eiusdem
678 1275 847 1342 millesimo
869 1277 1180 1360 quadringentesimo
1202 1276 1362 1344 tricesimo
1385 1282 1508 1346 octavo.

322 1362 470 1446 Sigillum
502 1381 594 1431 cerae
625 1364 750 1431 rubrae.
782 1362 882 1432 Gerae
916 1369 1087 1449 supersunt
1115 1363 1238 1446 aliquot
1270 1369 1394 1432 tantum
1424 1363 1601 1449 fragmenta

257 1450 387 1519 chartae
418 1449 633 1534 adhaerentia,
666 1469 765 1533 quare
796 1457 829 1518 et
859 1451 1016 1537 scriptura
1046 1451 1105 1518 sub
1135 1450 1241 1535 sigillo
1270 1456 1379 1519 notata
1408 1451 1474 1536 legi
1496 1457 1599 1536 potest

256 1537 413 1605 videlieet
436 1538 483 1604 Zu
504 1543 568 1621 ppa
589 1536 758 1604 venceslai
781 1557 825 1604 re.

311 1659 356 1716 mr
374 1657 501 1731 originali
518 1657 548 1714 in
564 1657 683 1714 tabulur.
700 1660 842 1715 conventu
859 1658 935 1716 fratr.
953 1659 1050 1716 minor.
1068 1659 1142 1716 dolls
1159 1658 1242 1717 Nova
1259 1658 1399 1732 Neapolit.

585 1849 780 1919 DOGLXJX.
806 1850 898 1936 1438,
922 1851 964 1922 28
987 1850 1074 1936 11011,
1098 1850 1267 1923 lhclosac.

258 1973 296 2042 P.
326 1973 504 2040 Guilelmus
526 1974 563 2040 de
590 1971 722 2059 0000110,
745 1976 887 2040 minister
906 1977 1062 2060 permulta
1089 1976 1223 2060 ordinis,
1246 1975 1401 2042 scribite.
1425 1974 1545 2042 Jooobo
1567 1975 1603 2042 aa

259 2061 419 2142 Marciis,
442 2065 480 2127 ut
502 2062 537 2126 in
558 2062 674 2146 ripore,
705 2082 765 2146 quo
786 2063 820 2126 in
844 2061 1016 2128 Boaaeoeea
1036 2063 1157 2147 fratrea
1181 2061 1332 2148 procedit,
1354 2063 1415 2128 aiot
1437 2070 1604 2149 temperet;

340 2169 379 2213 00
401 2168 494 2214 00000
516 2151 550 2214 ior
572 2147 746 2233 Hunporio
768 2158 933 2216 macenias
955 2159 1095 2237 quaeat,
1118 2151 1175 2216 sed
1197 2151 1368 2216 destruetor
1390 2156 1527 2236 reparet.

323 2269 522 2338 Venerabilis
545 2276 578 2337 et
600 2271 831 2339 amantissime!
850 2272 1076 2341 Fraternitatis
1091 2277 1195 2339 vestm
1209 2269 1316 2340 littere
1330 2290 1382 2339 me
1396 2270 1489 2340 valde
1504 2271 1605 2340 letum

256 2358 410 2436 feceruut,
434 2361 467 2424 et
489 2376 596 2425 omnes
618 2364 737 2444 patres,
760 2359 875 2442 quibus
896 2379 948 2426 res
970 2366 1094 2427 vestras
1117 2359 1244 2428 uamavi
1266 2364 1299 2426 et
1320 2378 1418 2444 opera
1439 2365 1550 2428 sancta
1564 2361 1605 2426 da

256 2445 326 2512 loco
349 2444 482 2528 Stagni3
506 2446 608 2512 etsie
630 2464 692 2511 uon
714 2446 878 2526 dubitetis,
902 2449 986 2530 quod
1009 2465 1170 2530 uunquam
1196 2448 1396 2532 supportabo,
1420 2452 1456 2514 ut
1477 2465 1605 2514 amove-

257 2537 370 2600 rentur
391 2552 411 2599 a
433 2533 563 2614 vicaria,
587 2551 688 2615 nequo
710 2535 794 2616 quod
816 2532 883 2601 ulla
905 2533 1022 2602 iniuria
1043 2532 1100 2601 fiat
1122 2534 1253 2617 eisdem,
1277 2535 1333 2600 sed
1355 2552 1481 2618 semper
1497 2534 1603 2602 deien-

259 2621 535 2775 dssmffippremfim
558 2619 699 2688 volentes
721 2621 830 2688 vivere
853 2620 886 2686 in
908 2622 1018 2689 eadem
1041 2622 1100 2688 sub
1122 2620 1251 2704 vicario,
1275 2625 1307 2688 et
1329 2621 1418 2688 vobis
1440 2621 1608 2689 humiliter

257 2726 317 2774 oe
369 2727 397 2774 e.

322 2811 432 2879 Unum
453 2810 542 2878 robis
572 2830 701 2895 prorsus
730 2814 858 2895 svadao,
889 2815 925 2878 ut
954 2831 1016 2878 uon
1047 2812 1270 2882 scandalizetis
1293 2813 1324 2878 in
1346 2811 1463 2897 populo
1485 2811 1608 2881 fratres

256 2899 433 2984 prodictam
457 2903 691 2982 conqueruntur
713 2898 824 2982 multo,
848 2900 931 2983 quod
955 2899 1126 2981 predicatis
1151 2897 1309 2967 terribilia
1331 2906 1441 2967 eontra
1462 2901 1551 2983 ipsos
1573 2907 1611 2968 ct

258 2987 392 3070 queritis
426 3005 536 3053 eorum
567 2985 790 3073 confusionom,
824 2987 1015 3071 predicando
1039 2989 1121 3070 quod
1153 2987 1217 3053 sint
1249 2987 1519 3068 excommunicati,
1551 2989 1609 3072 qui

257 3074 381 3140 iaciunt
402 3073 590 3141 elemosinas
622 3074 687 3152 eis;
717 3079 803 3140 certe
826 3075 889 3140 ista
911 3092 972 3140 uon
995 3075 1099 3162 credo,
1122 3075 1197 3157 quia
1219 3074 1283 3141 iam
1306 3075 1360 3141 diu
1383 3094 1439 3140 vos
1460 3076 1608 3158 cognovi

258 3161 330 3228 Non
353 3159 471 3228 vellitis
493 3180 551 3244 pro
574 3180 658 3228 nuuc
679 3179 812 3244 querere
827 3161 860 3227 in
875 3161 1039 3244 Hungaria
1054 3181 1203 3230 novorum
1219 3159 1433 3228 edificationes
1447 3160 1607 3242 locorum,

258 3249 339 3332 (sed)
363 3248 517 3316 edificatis
548 3247 616 3333 illa,
640 3249 679 3316 de
702 3249 816 3330 quibus
838 3248 963 3316 habetis
986 3248 1173 3334 facultatem
1200 3255 1233 3316 et
1254 3252 1409 3330 reparetis
1430 3268 1489 3333 pro
1511 3268 1612 3333 posse

257 3337 428 3410 destructa,
452 3335 581 3401 interim
603 3335 749 3402 dominus
772 3335 891 3418 aliquid
913 3336 1101 3419 providebit.
1128 3335 1190 3403 Vos
1206 3335 1284 3402 estis
1299 3355 1413 3403 corona
1427 3337 1554 3404 ordinis
1577 3342 1611 3404 st

258 3421 365 3489 lumen
387 3421 459 3488 fidei
482 3422 654 3490 christiane
685 3423 768 3490 inter
796 3421 870 3490 illas
901 3423 1048 3492 tenebras
1078 3428 1239 3490 tanmrum
1264 3423 1420 3491 heresum.
1444 3424 1609 3493 Dominus

257 3529 314 3578 vos
335 3511 423 3577 iuvet
445 3514 479 3575 st
500 3515 672 3578 conservet
695 3510 744 3575 Ex
766 3509 905 3577 Tholosa
926 3535 1026 3578 xxvm
1047 3511 1155 3578 madii.

323 3614 372 3681 De
394 3614 549 3696 apostatis
571 3613 771 3682 manentibus
801 3633 872 3682 cum
894 3615 1156 3683 reverendissimo
1179 3615 1305 3682 domiuo
1328 3614 1477 3699 episcopo
1500 3614 1611 3683 Vara-

257 3700 359 3768 diensi
382 3700 553 3785 providebo
575 3719 647 3768 cum
669 3701 773 3784 gretia
794 3701 924 3769 domiui.
1696 3719 1697 3726 ¹

320 3789 373 3854 Fr.
398 3785 575 3856 Guilelmus
596 3789 637 3856 de
660 3787 792 3869 casalis,
807 3788 966 3873 generalis
982 3789 1126 3858 minister
1148 3789 1267 3858 ordinis
1288 3789 1457 3872 minorum,
1473 3789 1609 3874 propria

256 3893 363 3943 manu

322 3994 368 4052 Ex
386 3993 482 4066 origin.
501 3995 531 4050 iu
548 3993 666 4052 tabular.
684 3999 823 4052 conventu
840 3996 916 4054 fratr.
934 3997 1031 4054 minor.
1051 3997 1126 4054 della
1143 3996 1225 4053 Nova
1242 3995 1380 4069 Neapolit

595 4187 772 4256 ccclxx.
806 4187 899 4272 1438,
925 4187 964 4259 15
987 4188 1092 4276 lunii,
1115 4189 1266 4277 Ragusil.

325 4309 445 4392 Comes,
469 4309 590 4379 nobiles
621 4315 653 4378 et
684 4315 786 4378 totum
808 4329 972 4379 commuue
994 4313 1127 4397 Ragusii
1149 4313 1297 4396 fatentur,
1320 4333 1355 4382 se
1382 4313 1499 4398 legatis
1524 4315 1600 4400 voje

258 4398 357 4466 vodue
381 4398 543 4483 Stephani,
567 4403 671 4466 sterno
692 4399 795 4465 Redin
818 4404 850 4464 et
866 4418 892 4466 c.
910 4399 1055 4467 Vulrman
1070 4401 1092 4468 J
1094 4401 1215 4485 ugovit,
1231 4403 1355 4470 dedisse
1369 4407 1494 4486 portem
1511 4404 1600 4486 depo

258 4483 464 4640 szitiezilagrdal,
485 4485 591 4570 magui
618 4489 786 4571 voJevodae
815 4487 948 4556 Bosnae.
985 4487 1150 4574 Inscripsit
1171 4507 1276 4573 rogus.
1299 4489 1463 4574 logotheta
1485 4487 1592 4556 Nikol·

285 4593 305 4641 v
396 4623 403 4638 ‚
1347 4610 1351 4623 .

320 4693 371 4754 Dr.
388 4695 438 4752 Fr.
456 4693 601 4752 Milolotit:
620 4693 747 4754 bionum.
765 4695 879 4763 serbicc,
898 4713 926 4769 p.
942 4695 1002 4754 390.
