3406 5262
28 299 41 330 r
227 273 290 342 134

224 483 390 568 repererit,
415 484 527 551 domus
549 483 683 552 fratrum
706 484 864 553 minorum
885 487 918 552 'm
941 483 1133 554 australibus
1154 483 1299 570 partibus
1313 483 1498 568 Hungan‘ae
1520 488 1581 568 ,et
1693 557 1695 564 Α

226 571 306 638 inibi
327 570 502 638 residentes
524 569 640 638 fratres
662 572 722 639 sub
744 573 891 640 custodia
915 579 947 640 ct
968 573 1215 657 gubernatione“
1241 571 1382 640 custodis
1402 571 1581 640 Boanensis
1694 571 1695 648 j

228 660 396 726 reduceret
418 663 452 724 et
478 659 529 737 „in
552 663 671 724 statum
693 659 860 742 pristinum
884 659 1080 743 reponarst“.
1694 659 1695 716 l

293 743 421 820 Rationi
443 745 589 827 congruit
605 797 612 810 .
631 793 662 812 ..
687 746 760 813 Dat.
792 745 890 813 Rome
922 748 1006 830 apud
1036 765 1062 814 s.
1085 746 1215 814 Petrum
1237 764 1319 813 anno
1347 744 1581 812 incarnationis
1694 743 1695 754 ’

228 831 383 898 dominice
405 830 572 899 millesimo
595 832 904 916 quadringentesimo
927 833 1087 901 tricesimo
1108 835 1221 918 primo,
1238 832 1345 900 vidus
1361 831 1472 898 Martii
1487 851 1539 900 an.
1554 857 1579 898 1.
1694 829 1695 838 ³

300 951 452 1022 Waddiag:
471 953 571 1008 Anum.
591 953 689 1008 minor.
701 957 768 1010 tom.
781 953 818 1022 X,
830 971 857 1024 p.
869 953 930 1008 486.
946 953 1077 1009 Tbeiaer:
1089 953 1215 1009 Manum
1228 953 1325 1023 Hung.
1338 958 1406 1008 tom.
1417 951 1457 1020 11,
1471 969 1499 1024 p.
1514 952 1580 1008 210.
1694 983 1695 986 =

492 1125 675 1194 DOXOVII.
702 1125 795 1210 1431,
820 1127 838 1196 l
862 1126 996 1214 Aprilis,
1020 1127 1056 1197 in
1078 1127 1189 1198 anatra
1211 1125 1304 1198 Nori.

226 1246 388 1312 Martinus
412 1248 449 1312 alc
471 1247 734 1332 Franpepoaibas
764 1249 905 1334 &anien
937 1254 990 1315 etc.
1021 1269 1118 1315 earnes
1151 1271 1216 1315 aaa
1248 1270 1317 1314 cam
1346 1254 1486 1314 consorte
1514 1268 1577 1313 saa
1694 1321 1695 1332 ἶ

16 1375 24 1386 ·
111 1385 113 1388 .
233 1329 328 1399 Ursia
351 1336 512 1419 consignat
527 1339 749 1401 monasteriam
766 1345 794 1401 at
810 1337 969 1402 ecclesiam
984 1337 1089 1401 beatae
1111 1335 1237 1401 Mariae
1265 1334 1301 1402 V.
1321 1356 1421 1422 prope
1434 1342 1581 1400 castrum

229 1420 325 1486 Traat
345 1420 507 1504 fratribus
529 1420 702 1486 minoribus
724 1426 861 1488 vicariae
884 1422 1026 1501 Boenae;
1048 1430 1076 1487 et
1091 1444 1151 1508 pro
1167 1444 1273 1489 coram
1286 1422 1429 1506 faciliori
1451 1430 1578 1486 casun-
1695 1481 1696 1494 ,

435 1509 551 1573 talione
572 1507 683 1574 iisdcra
713 1508 843 1594 insuper
864 1511 1017 1596 quasdam
1037 1512 1249 1594 possessiones
1271 1510 1362 1575 cedit.

291 1629 358 1695 Nos
380 1629 537 1696 Martinus
567 1631 607 1696 de
637 1630 896 1714 Frangepanibua
927 1631 1034 1698 divina
1061 1631 1262 1698 miseratione
1291 1631 1415 1714 Segnia,
1446 1627 1576 1709 Veglie,
1695 1639 1696 1644 ’

227 1716 467 1798 Modmssieque
489 1735 602 1784 comes.
627 1716 792 1785 Universis
814 1719 854 1784 ad
878 1737 1010 1800 quorum
1026 1737 1137 1786 manus
1153 1718 1355 1800 pervenerint
1377 1717 1580 1784 christifide-

226 1801 310 1869 libus
340 1807 503 1885 presentes
533 1802 657 1870 litteras
688 1805 878 1887 inspecturis
909 1807 1106 1887 presentium
1137 1809 1169 1870 et
1202 1803 1380 1870 futurorum
1414 1803 1578 1870 notitiam.

226 1889 484 1973 superponam
506 1891 691 1958 memoriam
714 1890 927 1973 significamus
950 1891 1065 1974 quibus
1088 1891 1215 1974 expedit
1237 1891 1392 1973 omnibus,
1416 1891 1504 1972 quod
1520 1908 1581 1955 nos

228 1975 334 2043 dirim
356 1975 460 2058 matie
482 1977 652 2044 existentes
674 1978 707 2044 in
730 1979 813 2046 bona
835 1980 973 2044 sanitate
988 1978 1103 2044 mentis
1120 1983 1227 2044 nostre
1251 1997 1313 2044 uus
1335 1995 1408 2044 cum
1431 1981 1583 2044 consorte

228 2068 338 2129 nostra
361 2063 524 2130 carissima
556 2063 683 2131 domina
712 2065 807 2132 Vrsia
838 2066 1007 2146 comitissa,
1038 2064 1337 2147 considerantesque
1362 2063 1449 2146 quod
1473 2063 1585 2130 sobole

228 2168 268 2215 ex
289 2154 381 2215 utero
403 2154 511 2216 nostm
534 2169 688 2228 memus,
712 2170 807 2234 quam
822 2151 1072 2234 possessionibus
1088 2151 1205 2218 nostris
1220 2149 1473 2232 relinqueremus
1489 2151 1585 2217 hera-

230 2237 313 2318 dem,
336 2234 490 2318 elegimus
513 2235 606 2320 pleno
638 2236 764 2319 affeetu,
788 2239 892 2305 animo
915 2237 1090 2304 deliberato
1123 2256 1160 2304 aa
1183 2242 1251 2304 tote
1273 2235 1439 2304 voluntate
1460 2237 1585 2304 babere

230 2324 289 2388 sub
313 2323 381 2388 Deo
404 2329 495 2406 patre
518 2329 551 2389 et
573 2323 700 2391 Christo
724 2325 792 2391 eius
814 2323 879 2391 filio
902 2326 1029 2392 beatam
1058 2323 1229 2406 gloriosam
1256 2323 1411 2426 virginem
1433 2324 1584 2424 Mariam,

230 2410 1102 2581 tterititltttttttttttt,bittit
1123 2409 1586 2579 tttttibttttitti

231 2582 361 2664 respicit
391 2585 432 2649 ad
462 2583 590 2651 laudem
618 2585 841 2668 omnipotentis
872 2585 945 2668 Dei,
978 2589 1011 2651 et
1032 2585 1126 2652 beate
1149 2584 1281 2668 virginis
1305 2584 1407 2650 Maria
1430 2583 1586 2649 bonorem

232 2687 270 2736 aa
292 2668 457 2735 christiani
480 2670 590 2752 populi
614 2670 783 2739 utilitatem
813 2672 1009 2738 decrevimus
1030 2671 1178 2738 edificare
1204 2689 1242 2737 ac
1264 2670 1398 2737 fundare
1421 2668 1588 2738 edificium

231 2761 265 2822 et
287 2755 454 2824 ecclesiam
483 2757 517 2822 in
540 2757 692 2823 bonorem
720 2759 907 2825 intemerate
937 2765 969 2824 et
991 2756 1218 2842 gloriosissime
1241 2757 1303 2823 Dei
1333 2757 1500 2840 genitricis
1522 2756 1586 2822 vir·

231 2841 1587 3014 tet{sititensi“sarisbirensistractabitis

232 3021 375 3081 nostrum
397 3021 543 3084 vocatum
568 3017 700 3098 Tersat3
723 3019 756 3084 in
779 3037 842 3101 qua
865 3018 993 3101 quidem
1016 3015 1159 3096 ecclesia,
1184 3035 1243 3099 per
1264 3035 1323 3083 nos
1338 3020 1531 3096 constructa,
1549 3021 1587 3081 ut

232 3103 295 3169 ism
319 3101 438 3168 dictum
461 3108 520 3183 est,
543 3103 576 3168 in
599 3104 752 3172 honorem
774 3105 907 3186 virginis
928 3101 1031 3169 Maria
1054 3103 1095 3170 ad
1118 3103 1294 3169 canendum
1316 3101 1428 3170 laudas
1451 3107 1486 3170 et
1500 3101 1586 3186 psal-

232 3207 300 3255 mos
323 3189 533 3273 omnipotenti
556 3193 627 3258 Deo
649 3191 682 3258 in
704 3191 922 3259 remissionem
944 3195 1144 3274 peccatorum
1160 3194 1339 3255 nostrorum
1358 3195 1391 3255 et
1406 3207 1465 3272 pro
1480 3187 1587 3256 salute

233 3275 410 3342 animarum
442 3277 699 3359 predecessorum
721 3283 910 3360 normarum,
934 3275 1103 3344 statuimus
1125 3277 1222 3341 immo
1246 3275 1453 3343 deliberando
1475 3276 1587 3342 decre·

233 3361 336 3428 vimus
365 3362 450 3429 viros
479 3363 548 3431 Deo
577 3365 719 3446 devotos,
750 3363 866 3432 iratres
897 3363 1035 3430 minores
1066 3381 1090 3428 s.
1121 3361 1280 3429 Francisci
1304 3363 1345 3429 de
1368 3363 1584 3446 observantis,

233 3449 351 3514 vicarie
389 3449 504 3535 Bosne,
544 3451 596 3517 cui
628 3452 731 3519 ordini
761 3449 932 3535 specialem
970 3447 1168 3518 decadonem
1208 3448 1358 3533 gerimus,
1397 3448 1585 3531 eisdemque

233 3535 352 3602 dictam
384 3535 549 3603 ecclesiam
579 3540 800 3605 commendare
830 3537 1003 3620 regendam
1034 3554 1122 3602 more
1149 3533 1286 3602 aliorum
1317 3536 1585 3602 monasteriorum

234 3621 313 3688 dicti
336 3621 456 3689 ordinis
478 3627 512 3690 et
533 3643 617 3692 nunc
648 3630 680 3692 et
711 3625 872 3708 perpetuis
901 3622 1106 3705 temporibus.
1134 3621 1177 3688 Ut
1199 3621 1298 3704 igitur
1327 3623 1389 3706 ipsi
1413 3621 1532 3689 batres
1554 3621 1588 3686 in

235 3709 305 3791 ipso
328 3709 521 3776 monasterio
542 3711 694 3793 degentes
716 3710 944 3794 temporalibus
961 3709 1110 3776 subsidiis
1125 3706 1320 3776 sufficienter
1334 3708 1439 3776 adiuti
1454 3707 1588 3774 liberius

235 3795 305 3860 Deo
339 3796 479 3862 seruiunt
508 3801 541 3862 et
571 3797 670 3881 ipsius
700 3797 949 3864 misericordiam
982 3815 1039 3879 pro
1071 3795 1174 3862 salute
1205 3795 1382 3862 animarum
1404 3800 1589 3863 nosbarum

236 3880 374 3948 assiduis
405 3882 546 3966 ipsorum
578 3883 774 3950 orationibus
802 3882 931 3951 valeant
962 3884 1143 3964 impetrare,
1177 3880 1243 3948 illis
1265 3901 1323 3966 pro
1347 3881 1453 3948 anime
1477 3886 1588 3948 nostm

145 4043 147 4047 ,
235 3967 377 4034 remedio
400 3976 432 4035 et
454 3969 593 4034 omnium
616 3971 875 4053 predecessorum
897 3976 1087 4054 nostrorum
1105 3968 1318 4050 possessiones
1340 3974 1466 4036 nosmas
1489 3987 1590 4052 supra

236 4054 305 4120 tato
328 4059 432 4121 casim
454 4060 563 4122 nostro
585 4054 700 4124 Tersat
722 4058 931 4141 concedimus,
954 4055 1099 4140 ponendo
1120 4060 1222 4122 metas
1244 4053 1408 4122 videlicet:
1431 4054 1514 4138 lapis
1530 4053 1589 4120 tri-

241 4141 376 4242 angulus
398 4141 431 4207 in
454 4141 561 4241 littore
582 4143 680 4209 maris
709 4147 748 4244 et·
771 4144 886 4210 deinde
916 4143 1092 4242 ascendens
1113 4159 1230 4242 ‘semus
1252 4145 1376 4224 partem
1392 4139 1590 4242 'edentulam

238 4227 1589 4414 sensumterraequemun

237 4399 353 4480 knsre;
375 4400 489 4466 derude
511 4401 613 4483 vergit
641 4401 682 4469 ad
704 4419 833 4468 manum
856 4401 1020 4468 sinistram
1041 4418 1098 4482 per
1127 4417 1211 4466 aram
1233 4399 1394 4484 pubhaam
1417 4399 1588 4467 continuum

239 4505 279 4551 er
301 4483 419 4552 boreali
443 4490 534 4568 parte
555 4489 596 4554 ad
612 4487 741 4554 tertiam
755 4489 902 4554 semitam
917 4488 950 4552 in
965 4485 1116 4571 planitiis,
1132 4503 1258 4568 semper
1274 4487 1403 4569 quidam
1413 4488 1590 4559 aaoendm

239 4589 299 4672 per
321 4571 404 4636 viam
427 4571 594 4658 publicam,
618 4594 675 4658 par
689 4593 784 4678 quam
808 4574 952 4641 curribus
973 4575 1014 4641 ad
1029 4577 1327 4673 castrumunostrum
1343 4572 1462 4674 'lersat
1476 4590 1588 4673 ascen·

242 4658 338 4738 ditur,
361 4656 402 4724 ad
424 4659 569 4728 arborem
591 4659 767 4748 vulgariter
789 4665 932 4729 vocatam
947 4660 1105 4744 Koprruas
1127 4659 1241 4726 derude
1259 4677 1316 4743 par
1330 4677 1414 4730 uram
1430 4659 1590 4744 pubbaam
