3406 5262
1386 296 1446 360 163

102 501 185 586 quod
208 501 313 571 dictus
334 501 432 572 irater
455 503 593 572 lacobus
613 502 646 570 in
669 501 800 586 prelatis
815 502 958 586 partibus
973 501 1111 570 officium
1126 499 1298 584 legacionis
1313 502 1445 570 minime

101 608 250 658 11111111
272 591 387 673 valeat,
417 590 502 674 11111,
532 591 688 676 inquiunt,
712 591 932 660 obcumvicine
954 591 1128 674 propingue
1150 595 1258 673 partes
1280 590 1386 658 Bosue
1414 595 1448 658 et

100 677 216 745 1111111
238 678 383 758 existant,
407 684 514 746 tamen
546 681 580 745 in
610 681 729 748 eisdem
762 679 906 762 partibus
929 677 1054 746 Sirimie
1088 679 1223 760 quedam
1246 679 1391 746 civitates
1414 683 1448 744 11

100 763 275 832 1111111111
305 766 475 833 christiana
506 766 689 834 obedientes
719 765 833 834 forent.
866 765 931 834 Nos
960 784 1045 840 vero,
1076 766 1131 848 qui
1154 783 1211 847 per
1240 767 1448 832 auuueuciam

99 851 189 931 regie
212 851 391 920 maiestatis
413 854 446 918 in
468 855 533 920 iam
564 854 656 921 dictis
678 854 822 938 partibus
852 851 979 921 simmia
1001 853 1034 918 in
1057 871 1171 934 magna
1193 857 1285 936 parte
1307 853 1447 920 dominio

101 939 273 1022 temporali
294 948 446 1025 perpetuo
468 939 638 1024 fungimur,
660 942 819 1008 mediante
841 947 949 1009 111111
968 939 1163 1007 1111111111
1178 945 1344 1022 testamur,
1363 958 1448 1006 usse-

100 1024 204 1093 rimus
226 1037 261 1093 et
282 1025 429 1112 latemur,
454 1035 609 1110 quatenus
630 1029 780 1096 maiorem
803 1034 925 1111 partem
949 1027 1118 1108 (dictarum
1139 1027 1295 1110 par)oium
1319 1025 1447 1094 Sirimia

100 1112 277 1180 Bassianos
298 1114 487 1198 inhabitare,
519 1115 595 1182 licet
622 1117 755 1198 (autem)
786 1115 923 1199 quedam
957 1112 1254 1181 111111111111111
1277 1114 1449 1182 christiano

100 1201 229 1268 uomina
251 1199 432 1284 fungantur,
456 1208 562 1270 tamen
580 1203 612 1268 in
628 1203 841 1285 compluribus
856 1201 1005 1270 Resciaui
1021 1219 1092 1268 cum
1121 1201 1301 1268 christianis
1326 1201 1448 1266 mixtim

100 1293 320 1370 comorautur3
343 1290 428 1356 inter
450 1309 542 1358 veros
564 1290 752 1358 christianos
774 1291 909 1374 quadam
931 1287 1007 1357 villa
1030 1293 1063 1356 at
1079 1288 1223 1356 civitates
1239 1288 1334 1355 sectis
1349 1289 1447 1354 Husi-

100 1379 209 1441 tarum
232 1376 442 1443 hereticorum
472 1376 587 1446 infecte
619 1397 677 1462 per
706 1377 859 1462 plurimos
889 1395 988 1445 anuos
1018 1374 1191 1457 extiterint,
1216 1393 1305 1458 quos,
1327 1375 1450 1442 scilicet

100 1461 269 1545 hereticos,
293 1462 436 1546 prelatus
464 1463 564 1532 frater
592 1465 740 1548 lacobus,
771 1465 876 1532 divina
910 1463 1017 1547 gracia
1040 1463 1208 1544 mediante,
1237 1481 1277 1530 ex
1298 1464 1448 1530 mandato

100 1547 219 1614 domini
252 1552 391 1634 supremi
417 1550 572 1636 pontilicis
601 1552 780 1636 extirpauit,
811 1570 915 1636 ymmo
945 1555 1038 1618 etex
1060 1549 1160 1616 altera
1182 1554 1273 1631 parte
1296 1549 1446 1632 Danubii,

101 1635 231 1717 quidem
254 1655 312 1720 per
334 1639 472 1722 spacium
496 1641 589 1707 unius
610 1639 744 1707 miliaris
765 1639 888 1706 mixtim
910 1637 1058 1706 Resciaui
1081 1655 1153 1703 cum
1175 1637 1356 1704 christianis
1378 1655 1443 1703 mo·

99 1729 224 1790 rantur.
249 1726 369 1792 Datum
390 1725 423 1791 iu
446 1725 559 1810 Walpo
581 1726 662 1796 laria
684 1727 796 1810 quinta
817 1727 960 1811 proxima
982 1731 1057 1792 aute
1072 1723 1189 1792 testum
1211 1723 1304 1792 beata
1321 1723 1446 1807 Merga-
1551 1744 1554 1750 ·

99 1811 195 1878 rethe
227 1811 362 1894 virginis
395 1817 429 1879 et
464 1816 621 1898 martyris,
657 1833 740 1882 anuo
780 1813 899 1881 domini
932 1812 1101 1880 millesimo
1135 1809 1448 1895 quadringentesimo

100 1898 265 1965 tricesimo
287 1901 429 1985 septimo.

166 1985 333 2070 (Sigillum
355 2005 455 2055 corae·
467 1988 659 2074 nigresceuti
681 1989 895 2075 impressum).

164 2089 210 2144 Ex
229 2090 358 2162 originali
375 2091 405 2146 11
423 2091 541 2148 tabutas.
558 2095 711 2148 conventus
728 2091 805 2150 fratr.
822 2092 920 2148 minor.
939 2090 1013 2148 della
1030 2088 1112 2148 Nova
1130 2087 1272 2161 Neapolit.

331 2265 526 2336 DOOLXIV.
552 2263 645 2350 1437,
672 2264 711 2338 18
734 2265 829 2350 Julll,
852 2265 890 2338 lu
912 2265 1110 2338 llonnsterlo
1131 2264 1222 2338 haul.

97 2385 251 2470 Jacobus,
287 2390 447 2476 episcopus
480 2389 663 2474 sirmiensis,
700 2391 908 2457 testimoniam
942 2389 1061 2456 exhibet
1096 2409 1123 2458 s.
1161 2388 1290 2475 docebo,
1331 2391 1449 2456 nicorio

97 2473 240 2561 Bosarae,
264 2477 348 2558 quod
378 2479 616 2564 111111ρί1111
646 2487 674 2545 et
695 2479 802 2544 solerti
824 2499 902 2545 euro
923 2486 1097 2562 paterenos
1119 2485 1148 2545 et
1170 2477 1294 2544 beritos
1316 2478 1350 2544 aba
1369 2497 1449 2564 par-

96 2563 186 2630 tibus
215 2563 433 2630 mmieraaibrcs
462 2565 505 2632 od
530 2566 624 2648 fidem
652 2565 1036 2738 Zzssssoolzgznmzeducerit,
1068 2570 1097 2631 et
1126 2565 1293 2633 catholicos
1322 2564 1358 2632 11
1385 2564 1449 2649 fide

163 2771 234 2840 Nos
255 2774 404 2856 iambus,
427 2773 537 2843 diuina
558 2775 763 2844 miseratione
793 2781 827 2843 11
848 2773 1020 2859 apostolice
1041 2776 1126 2842 sedis
1147 2774 1256 2860 gracia
1278 2773 1446 2860 episcopus

97 2859 239 2929 ecclesie
260 2861 443 2944 sirmiensis,
465 2862 616 2929 memorie
631 2865 885 2930 commendamus
899 2868 1008 2931 tenore
1022 2863 1219 2948 presencium
1234 2860 1448 2945 significantes

95 2949 218 3030 quihus
242 2949 368 3033 expedit
389 2949 556 3034 universis,
580 2953 663 3034 quod
685 2949 874 3018 venerabilis
889 2957 922 3018 et
935 2949 1103 3034 religiosus
1118 2951 1166 3016 vir
1181 2951 1327 3018 domiuus
1347 2949 1448 3017 irater

94 3033 242 3103 lacobus
264 3037 304 3103 de
326 3037 487 3123 ldarchys,
510 3037 645 3106 vicarius
667 3039 842 3119 bezuensis,
865 3039 1035 3121 inquisitor
1050 3039 1189 3105 heretice
1205 3037 1376 3120 prauitatis
1391 3056 1449 3122 per

93 3123 211 3190 sedem
242 3123 449 3207 apostolicam
480 3143 517 3193 11
546 3143 671 3193 sacrum
699 3125 866 3192 concilium
896 3125 1065 3192 basilieuss
1095 3125 1275 3210 deputatus,
1307 3131 1450 3192 nostram

95 3210 235 3278 ueniens
257 3212 291 3276 in
314 3211 508 3294 presenciam
531 3216 675 3296 exposuit
697 3213 788 3280 nobis
810 3231 869 3296 per
894 3214 1022 3280 modum
1045 3212 1287 3295 protestationis
1308 3212 1341 3277 iu
1364 3213 1449 3279 hunc

94 3299 248 3366 modum:
273 3299 505 3382 quodquidam
528 3299 632 3368 forent
660 3307 925 3378 controversares,
949 3307 1148 3368 sacrosancte
1175 3300 1350 3367 orthodoxe
1374 3299 1450 3366 fidei

94 3393 324 3468 persecutores
345 3387 378 3452 iu
400 3387 545 3472 partibus
566 3387 795 3475 sirmiensibus,
819 3388 873 3470 qui
895 3387 957 3454 Dei
979 3388 1093 3454 timore
1115 3388 1291 3472 postposito
1314 3387 1449 3454 eundem

94 3471 236 3540 fratrem
259 3473 414 3541 iacobum
435 3474 469 3539 in
491 3493 548 3542 sue
570 3473 741 3559 legacionis
771 3474 874 3543 officio
908 3475 1158 3559 impediuissent,
1181 3493 1219 3542 ac
1240 3475 1344 3542 eidem
1368 3492 1447 3540 ausu

91 3561 271 3628 temerario
291 3567 325 3628 et
346 3563 569 3646 supersticiose
591 3563 623 3628 in
647 3568 863 3648 contemptum
885 3568 994 3629 sancte
1016 3581 1146 3630 romane
1169 3561 1301 3629 ecclesie
1324 3566 1449 3630 coutra-

92 3647 256 3715 diximeut
285 3655 472 3729 asserentes,
502 3650 607 3732 ipsum
636 3670 698 3717 nou
728 3651 846 3718 habere
875 3651 909 3716 iu
931 3650 1026 3717 dictis
1056 3651 1199 3734 partibus
1231 3649 1449 3716 sirmiensibus

94 3737 335 3803 auctoritatem.
358 3735 425 3803 Nos
447 3755 531 3816 vero,
556 3737 610 3820 qui
632 3755 742 3805 verum
764 3757 873 3806 sumus
889 3738 1067 3804 membrum
1089 3737 1260 3804 christiane
1275 3735 1447 3821 religionis,

96 3841 136 3890 ac
160 3821 248 3890 filius
271 3824 358 3906 pacis
380 3829 413 3891 et
434 3829 543 3892 sancte
558 3825 742 3893 obediencie
757 3825 911 3901 alumnus,
927 3830 1036 3892 tenore
1056 3825 1254 3908 presencium
1269 3822 1449 3890 htterarum

93 3929 244 3978 mearum
267 3915 450 3978 1111111111
472 3911 634 3978 dominum
656 3911 788 3980 tratrem
810 3913 965 3980 iacobum
987 3913 1141 3992 omnibus,
1166 3912 1281 3995 quihus
1303 3913 1447 3991 interest,

92 4002 154 4064 aut
176 3998 333 4065 interesse
356 3999 482 4082 poterit,
504 3997 709 4068 laudabiliter
730 4001 1021 4068 recommendamus
1043 3999 1077 4065 in
1101 4017 1150 4086 eo,
1173 3999 1256 4082 quod
1279 3997 1364 4064 idem
1387 3997 1448 4064 Dei

92 4085 237 4152 sciencia
260 4084 390 4152 fulcitus
418 4085 452 4150 in
482 4085 617 4153 diversis
640 4087 730 4171 regni
760 4089 913 4171 partibus,
938 4092 971 4154 et
994 4086 1176 4170 specialiter
1198 4086 1231 4151 iu
1254 4085 1448 4168 supradictis

93 4173 245 4238 nardbus
274 4172 502 4254 sirmiensibus,
534 4173 590 4242 ubi
611 4173 790 4241 Beruenses
820 4193 858 4243 ac
879 4174 1035 4254 Bassiani,
1058 4173 1215 4241 catholice
1241 4169 1315 4240 fidei
1339 4172 1447 4256 emuli,

118 4260 223 4326 sixtim
246 4259 404 4326 habentur
427 4279 464 4326 ac
484 4262 569 4328 inter
591 4259 706 4328 fluuios
727 4262 851 4328 Zawam
873 4267 906 4328 et
930 4261 1108 4328 Danubium
1131 4259 1226 4327 simul
1249 4278 1446 4328 commoran-

122 4365 161 4428 rr,
185 4347 355 4429 plerosque
377 4347 534 4416 hereticos
555 4349 689 4415 diversis
711 4349 886 4430 heresibus,
907 4347 1112 4432 singulariter
1126 4347 1269 4415 heretico
1287 4348 1449 4430 prauitete

114 4433 341 4502 raledictorum
363 4433 561 4517 Husitarum,
593 4441 701 4504 sancte
721 4455 850 4504 romane
874 4435 1004 4503 ecclesie
1028 4434 1201 4502 infidelium
1223 4434 1365 4514 inlectos,
1389 4453 1448 4502 sua

114 4523 257 4606 apientia
280 4526 314 4588 st
336 4521 445 4588 solerti
467 4541 544 4591 cura
564 4524 737 4607 redarguit,
762 4524 932 4608 extirpavit
954 4529 987 4589 et
1009 4525 1050 4590 ad
1078 4522 1172 4590 fidem
1196 4526 1353 4604 (sanctam
1376 4540 1449 4588 con-

115 4609 208 4690 ertit,
231 4609 278 4692 11)
301 4607 454 4692 populum
483 4610 543 4676 Dei
573 4629 631 4695 per
653 4631 709 4678 sue
731 4611 957 4696 predicacionis
984 4611 1115 4678 verbum
1137 4611 1170 4678 in
1204 4608 1266 4676 fide
1289 4607 1447 4677 catholica

6 4793 7 4800 ἵ
118 4695 300 4766 1111111111.
325 4695 420 4765 Unde
441 4697 629 4767 benedictus
651 4697 694 4766 sit
717 4698 864 4767 dominus
886 4697 1051 4784 gloriosus.
1081 4699 1118 4764 lu
1140 4697 1230 4765 cuius
1252 4697 1299 4764 rei
1321 4695 1449 4834 1111111
