3428 5256
277 241 338 304 186

557 445 810 514 nocemur.
838 445 931 531 1445,
954 447 996 518 23
1019 446 1184 531 ianuarii,
1207 447 1341 516 Romae.

276 567 437 654 drepanius
468 566 534 634 ΡΡ.
566 567 627 634 IV.
651 569 786 636 vicarios
810 570 934 636 ordinis
964 572 1077 636 minor.
1101 572 1136 635 in
1158 569 1279 634 Bosnio
1300 566 1461 634 constitnit
1482 565 1613 648 ingani-

393 665 475 721 tcres
497 655 671 722 iunctione
688 659 872 742 prooitota's,
896 665 924 723 et
947 657 1027 722 alios
1049 665 1215 723 concentus
1236 655 1349 721 eisdem
1371 653 1506 721 subiicit.

339 777 503 859 Eugenius
526 777 691 862 episcopus
715 783 773 846 etc.
797 779 837 846 ad
860 784 1045 865 perpetuam
1074 778 1122 845 rei
1144 777 1339 846 memoriam.
1364 775 1467 860 Super
1489 793 1613 858 gregem

275 865 467 931 dominicum
489 871 597 931 nostre
629 883 704 933 cure
726 865 925 950 providentia
947 866 1053 933 divina
1080 866 1282 933 commissum
1304 861 1415 931 sedulo
1438 861 1612 946 vigilantes,

274 950 341 1017 illis
362 951 563 1034 potissimum
577 953 667 1034 juxta
681 952 851 1036 pastoralis
867 952 963 1019 officii
978 952 1121 1020 debitum
1136 970 1300 1020 occurrere
1315 951 1469 1034 volumus,
1487 967 1614 1034 perque

274 1057 351 1122 grex
373 1039 442 1122 ipse
464 1037 697 1105 scandalizatur
720 1058 739 1106 n
762 1039 834 1118 lide,
857 1039 925 1106 sine
948 1059 1011 1122 qua
1033 1057 1125 1106 nemo
1148 1037 1272 1122 proficit
1293 1035 1335 1104 ad
1355 1035 1501 1114 salntem,
1518 1053 1614 1118 eaque

275 1127 314 1192 de
337 1125 440 1192 medio
463 1123 577 1191 tollere
599 1130 633 1191 et
655 1123 783 1192 illorum
804 1125 922 1193 fluxum
945 1125 1129 1210 pestiferum
1144 1126 1346 1208 restringere,
1370 1141 1411 1189 ne
1426 1123 1515 1189 virus
1536 1123 1613 1188 insa·

275 1211 382 1278 nubilo
404 1229 441 1278 ac
463 1217 651 1296 perpetuum
674 1211 811 1280 inierant
833 1218 1066 1280 nocumentum.
1090 1211 1170 1278 (lum
1185 1213 1302 1294 itaque,
1318 1211 1401 1278 sicut
1421 1209 1462 1278 sd
1477 1217 1613 1275 nostrum

275 1317 338 1365 non
361 1298 430 1365 sine
452 1297 652 1382 displicentia
674 1300 786 1382 grancfi
809 1300 955 1384 pervenit
976 1300 1130 1380 auditum,
1154 1298 1239 1382 quod
1261 1297 1302 1366 sd
1324 1314 1456 1380 presens
1470 1296 1505 1362 in
1520 1313 1612 1378 regno

276 1384 436 1452 Moldavie
465 1385 604 1451 heretico
634 1385 811 1470 pravitatis,
841 1395 874 1454 et
903 1387 1071 1469 presertim
1100 1386 1264 1470 cujusdam
1286 1390 1371 1451 secte
1393 1381 1612 1452 abominabilis

275 1471 479 1538 Hussitnrum
501 1477 690 1558 nuncupate,
713 1478 818 1540 satore
840 1473 995 1540 malorum
1018 1491 1148 1558 operum
1170 1473 1204 1540 id
1226 1476 1425 1557 procurante,
1448 1487 1612 1537 numerosa

209 1617 212 1626 .
276 1576 481 1640 personarum
514 1557 685 1626 multitudo
716 1560 879 1644 consistat,
908 1579 969 1644 que
1002 1578 1064 1627 non
1097 1561 1191 1627 modo
1224 1555 1475 1643 regnicolarum,
1510 1573 1613 1623 verum

277 1645 374 1713 etism
396 1645 437 1713 ab
459 1645 528 1728 ipso
550 1664 648 1728 regno
670 1647 857 1714 distantium
880 1653 912 1713 et
935 1648 1083 1731 precipue
1098 1666 1159 1712 nen
1174 1663 1346 1732 pancorum
1367 1645 1460 1728 regni
1479 1643 1612 1727 ngarie

275 1731 449 1798 incolarum
481 1737 601 1800 animas
633 1733 681 1799 sui
703 1735 844 1816 perversi
873 1734 1030 1818 dogmatis
1051 1753 1171 1800 veneno
1196 1731 1348 1818 pestifero
1371 1730 1558 1810 infecerunt,
1581 1748 1613 1797 ac

275 1819 308 1884 in
331 1819 400 1886 dies
422 1838 479 1901 per
502 1817 639 1902 amplius
661 1817 790 1886 inficere
813 1821 897 1886 omni
920 1821 1025 1888 studio
1040 1825 1196 1906 satagant
1212 1826 1245 1887 et
1259 1819 1499 1888 convenientius
1509 1818 1614 1884 timea-

274 1911 338 1985 tur,
361 1906 445 1988 quod
467 1905 529 1970 nisi
551 1906 738 1988 quantocius
760 1925 869 1973 eorum
891 1907 1074 1992 perniciosis
1097 1907 1227 1976 ausibus
1253 1913 1408 1990 oportune
1431 1923 1495 1970 non
1517 1903 1614 1989 provi·

275 1992 413 2075 debitur,
438 1992 534 2058 etiam
557 1991 598 2059 ad
620 1999 742 2060 ceteras
764 1992 903 2061 fidelium
925 2001 1032 2079 partes
1047 1999 1248 2061 transcuntes
1264 1997 1298 2060 et
1312 1991 1510 2059 mortiferum
1528 2009 1614 2057 vene

275 2097 351 2146 uum
373 2097 430 2146 sue
453 2097 583 2146 erronee
604 2079 747 2147 doctrine
770 2079 974 2162 effundentes,
1001 2081 1249 2163 quamplurimos
1270 2077 1411 2146 inliciant
1433 2078 1467 2144 in
1490 2095 1612 2146 suorum

275 2170 309 2232 et
330 2163 538 2248 plurimorum
560 2165 695 2232 aliorum
717 2166 846 2234 evidens
869 2167 1044 2235 animarum
1066 2168 1250 2250 pericnlum,
1270 2165 1472 2250 dispendium
1495 2183 1613 2248 quoque

275 2251 575 2334 perniciosissimum
597 2254 717 2336 pariter
746 2260 779 2320 et
808 2253 995 2336 exemplum.
1025 2253 1093 2321 Nos
1122 2253 1222 2338 igitur
1253 2271 1349 2336 super
1370 2253 1442 2332 hiis,
1465 2256 1614 2334 quantum

275 2339 367 2405 nobis
389 2358 427 2404 cx
450 2337 516 2406 alto
538 2340 742 2422 permittitur,
765 2341 840 2406 totis
861 2341 1028 2426 providere
1050 2341 1171 2409 viribus
1192 2339 1307 2407 intenti
1330 2343 1363 2406 et
1377 2337 1503 2405 firmam
1525 2355 1614 2420 super

276 2443 324 2511 ec,
348 2427 432 2507 quod
454 2425 607 2492 hactenus
630 2425 738 2493 dilecti
761 2425 817 2492 filii
840 2427 959 2494 ordinis
979 2427 1137 2495 minorum
1151 2427 1348 2512 professores
1363 2428 1403 2491 de
1418 2423 1614 2491 observantia

276 2511 449 2596 nuncupati
480 2516 513 2578 et
542 2513 690 2595 precipue
720 2513 838 2582 vitane
867 2513 980 2595 Bosne,
1012 2514 1076 2598 qui,
1100 2519 1135 2579 ut
1166 2513 1300 2581 celebris
1321 2511 1471 2593 famaque
1493 2509 1614 2594 publica

275 2598 424 2678 insinuat,
448 2617 482 2665 se
505 2616 630 2665 murum
652 2599 804 2668 facientes
826 2619 884 2683 pro
907 2603 1000 2668 domo
1022 2600 1141 2667 domini
1156 2605 1189 2667 et
1203 2600 1376 2667 orthodoxe
1391 2597 1614 2682 propagatione

275 2683 358 2758 fidei,
382 2685 423 2752 sd
447 2683 684 2752 contundendas
712 2685 983 2770 eliminandasque
1004 2687 1184 2770 hujusmodi
1205 2687 1353 2754 heresum
1375 2685 1614 2768 superstitione

276 2789 368 2852 opem
392 2776 424 2837 ct
446 2789 573 2854 operam
597 2770 741 2840 efficaces
763 2771 911 2840 solertius
932 2773 1092 2855 adhibere,
1116 2778 1270 2856 quantum
1291 2773 1325 2838 in
1340 2772 1387 2840 eis
1401 2771 1474 2855 luit,
1490 2770 1613 2836 studue

276 2863 352 2922 runt
373 2862 406 2922 ct
429 2859 567 2941 student,
591 2864 686 2941 prout
708 2865 795 2928 mute
824 2860 872 2926 rei
893 2861 1067 2926 necessitas
1088 2859 1196 2944 exigit,
1219 2859 1253 2926 in
1275 2858 1498 2926 convincendis
1520 2856 1614 2923 elimi-

276 2943 452 3025 nandisque
475 2943 567 3009 dictis
597 2945 758 3012 erroribus
788 2965 863 3012 suas
895 2946 1052 3030 impertiri
1082 2951 1192 3029 partes
1221 2946 1369 3023 debeant,
1403 2943 1554 3012 fiduciam
1584 2943 1614 3008 in

276 3030 412 3108 domino,
436 3034 472 3096 ut
485 3031 649 3113 congruit,
666 3036 873 3114 acceptantes,
888 3039 976 3099 motu
990 3033 1128 3116 proprio,
1143 3051 1205 3098 non
1221 3034 1263 3100 ad
1278 3030 1469 3098 dilectorum
1483 3029 1614 3097 filiorum

278 3115 411 3184 Fabiani
434 3117 474 3182 de
496 3115 616 3182 Bachia
637 3117 746 3184 vicarii
769 3124 802 3185 et
824 3119 957 3203 fratrum
980 3121 1056 3186 dicti
1079 3119 1252 3187 vicariatus
1274 3117 1326 3185 vel
1347 3116 1484 3186 altanus
1499 3135 1557 3200 pro
1572 3116 1615 3181 eis

276 3201 367 3268 nobis
388 3220 485 3284 super
506 3201 567 3269 hoc
590 3202 696 3270 oblate
718 3205 880 3287 petitionis
902 3207 1094 3288 instantiam,
1116 3207 1174 3273 sed
1196 3207 1236 3272 de
1258 3210 1368 3273 nostra
1389 3223 1480 3271 mera
1502 3203 1614 3271 celibe

274 3289 406 3370 ratione,
430 3293 462 3354 et
484 3307 521 3354 ex
543 3293 632 3355 certa
653 3291 794 3373 scientia,
817 3293 1005 3358 auctoritate
1021 3291 1193 3375 apostolica
1207 3298 1318 3358 tenore
1332 3291 1530 3375 presentium
1548 3307 1614 3374 pre

274 3374 376 3442 latum
398 3373 581 3454 Fabianum,
606 3394 709 3462 quem,
741 3377 823 3444 sicut
852 3375 914 3444 fide
937 3378 1103 3460 dignorum
1124 3378 1306 3444 testimonio
1332 3377 1525 3463 accepimus,
1547 3373 1615 3442 reli·

274 3461 379 3542 gionis
402 3466 435 3527 et
456 3460 530 3528 fidei
553 3462 735 3528 sinceritate
765 3481 803 3530 ac
824 3465 1008 3531 maturitate
1029 3483 1162 3546 mamm,
1185 3483 1243 3532 nec
1268 3482 1333 3531 non
1354 3463 1540 3530 litterarum
1561 3460 1615 3528 sei·

276 3547 362 3614 entia
389 3545 587 3630 aliarumque
619 3549 772 3616 virtutum
803 3551 893 3616 donis
923 3550 1005 3618 raris
1033 3550 1168 3634 largitor
1198 3550 1345 3618 dominus
1375 3549 1616 3633 insignanter

274 3631 362 3700 illius
384 3651 590 3712 successores,
608 3636 661 3715 qui
684 3653 742 3718 pro
764 3641 906 3719 tempore
929 3641 1030 3721 erunt,
1053 3637 1177 3721 prelata
1200 3637 1317 3704 vicarie
1340 3636 1477 3704 vicarios
1499 3637 1534 3702 in
1555 3633 1616 3701 Un-

273 3720 363 3802 garie
384 3725 418 3785 et
439 3719 543 3784 Bosne
565 3721 716 3802 predictis
738 3740 776 3787 ac
797 3721 965 3802 Moldavie‚
985 3723 1146 3805 Valachie,
1162 3723 1324 3806 Bulgarie,
1340 3723 1467 3808 Raecie,
1485 3739 1615 3789 necnon

275 3805 460 3872 sclavoniae
482 3823 520 3871 ac
541 3806 686 3872 omnibus
708 3811 740 3873 et
762 3808 895 3890 singulis
926 3808 999 3875 eliis
1020 3811 1127 3893 regnis
1156 3829 1213 3878 seu
1236 3810 1391 3892 partium,
1415 3810 1457 3877 ed
1481 3828 1544 3892 que
1564 3825 1616 3874 seu

276 3911 356 3972 quas
377 3891 496 3958 vicaria
517 3891 695 3973 hujusmodi
726 3913 761 3959 se
785 3896 952 3962 extendere
979 3896 1164 3982 dinoscitur,
1186 3897 1409 3979 inquisitorem
1432 3901 1466 3962 et
1487 3894 1614 3978 inquisi-

193 4016 195 4021 -
274 3985 361 4042 tores
383 3975 524 4042 heretice
552 3977 718 4060 pravitatis
747 3985 901 4062 perpetuo
930 3981 1072 4062 lecimus,
1103 3983 1325 4051 constituimus
1347 3988 1381 4048 et
1402 3983 1502 4049 etiam
1524 3984 1615 4064 depu·
1691 3977 1693 4050 ζ

275 4069 391 4161 tamus,
415 4063 462 4126 eis
491 4080 548 4142 per
572 4065 748 4162 ‚apostolica
775 4068 894 4149 scripta
919 4069 1117 4150 mandantes,
1146 4076 1180 4136 ct
1208 4069 1242 4135 in
1268 4069 1490 4136 remissionem
1513 4085 1614 4152 pecca·

275 4165 395 4247 mrnum
418 4165 547 4248 suorum
570 4151 777 4235 iniungentcs,
801 4159 956 4234 quatenus
978 4153 1158 4236 hujusmodi
1177 4155 1394 4238 inquisitionis
1409 4155 1549 4222 officium
1565 4169 1616 4237 pr.

274 4251 333 4298 nos
355 4251 495 4314 ipsorum
518 4235 698 4316 impositum
723 4238 872 4319 humeris,
895 4241 1040 4307 omnibus
1061 4241 1142 4324 odio,
1166 4243 1291 4321 timore,
1314 4241 1424 4309 favore
1448 4242 1569 4324 pariter
1610 4245 1616 4304 t

275 4337 383 4385 amore
405 4319 598 4400 postpositis,
631 4321 677 4386 sic
706 4321 841 4390 fideliter
863 4330 896 4391 et
917 4324 1053 4392 feliciter
1080 4346 1189 4394 eorum
1212 4329 1349 4411 quisque
1373 4333 1562 4411 exequatur,
1585 4368 1586 4380 ,
1610 4343 1615 4390 :

274 4423 333 4488 per
362 4405 502 4486 ipsorum
533 4403 754 4474 sollicitudinis
784 4429 910 4492 operam
937 4413 1067 4480 zizaniis
1099 4414 1268 4496 perniciosi
1290 4415 1446 4498 germinis
1477 4411 1585 4481 enred
1609 4431 1615 4474 t

275 4489 374 4556 tritici
397 4489 570 4572 extirpatis,
592 4491 734 4559 heretice
756 4495 876 4562 scilicet
898 4499 1063 4578 pravitatis
1085 4501 1252 4568 venenosis
1273 4501 1479 4584 dogmatibus
1495 4518 1581 4585 prot
1609 4531 1615 4544 ·
1690 4499 1692 4530 ³

276 4576 355 4643 setis
377 4575 410 4640 in
432 4575 538 4660 regnis
559 4593 616 4643 seu
637 4579 780 4660 partibus
795 4583 946 4664 predictis
960 4583 1033 4650 fidei
1047 4585 1212 4654 sinceritas
1226 4587 1343 4670 vigeat,
1361 4587 1490 4655 divinus
1517 4519 1585 4653 cula
1609 4601 1614 4649 ι
