3406 5262
232 263 293 330 170

229 477 262 540 et
291 469 453 554 religionis
481 471 742 556 propagationem
771 471 953 555 respiciunt,
983 469 1197 540 favorabiliter
1228 488 1413 540 annuamus.
1442 469 1575 538 Dudum

230 560 385 643 siquidem
419 578 475 625 ntis
508 560 614 626 dilecti
648 557 705 626 filii
742 560 862 641 Jacobi,
896 560 1014 626 ordinis
1050 559 1206 626 minorum
1240 557 1425 642 professoris
1461 559 1575 625 vicarii

231 647 364 726 Bosnae,
387 648 557 714 asserentis
580 648 662 713 circa
684 647 818 714 sedecim
841 645 989 714 ecclesias
1012 651 1045 714 et
1067 647 1175 714 domos
1198 645 1333 713 fratrum
1354 645 1429 712 dicti
1452 644 1575 712 ordinis

230 735 332 816 spatio
356 737 489 800 duorum
511 752 664 802 annorum
687 755 706 801 a
729 733 841 801 Turcis
863 735 1041 801 destructas
1066 739 1100 799 et
1121 733 1301 800 combustas
1322 732 1429 816 fuisse,
1452 730 1574 834 snppli-

231 821 404 889 cationibus
426 820 577 900 inclinati,
600 822 687 888 vobis
709 840 765 906 per
795 821 875 888 alias
906 825 1031 888 nostras
1065 819 1189 886 litteras
1211 821 1243 886 in
1265 839 1364 903 regno
1386 819 1575 904 Hungarras

226 915 349 993 septem
382 907 461 991 loca,
493 909 520 974 si
550 909 638 975 vobis
672 908 725 992 pia
758 909 925 991 largitione
956 906 1096 975 fidelium
1126 909 1381 990 concederentur,
1411 909 1462 974 vel
1491 905 1576 975 alias

224 997 318 1078 iustis
339 996 442 1063 modis
471 994 529 1062 illa
557 995 692 1081 possetis
722 996 863 1081 adipisci,
896 997 1040 1080 recipere
1070 1001 1103 1062 et
1131 997 1278 1070 retinere,
1310 999 1343 1062 et
1374 996 1407 1062 in
1430 993 1575 1078 quolibet

226 1085 367 1168 ipsorum
400 1082 540 1150 locorum
568 1082 740 1161 ecclesiam,
769 1084 835 1150 sive
868 1084 1051 1163 oratorium,
1086 1100 1158 1149 cum
1191 1081 1370 1168 campanili,
1405 1099 1572 1166 campana,

227 1169 404 1254 cemeterio,
427 1171 571 1238 domibus
601 1176 634 1237 et
663 1169 735 1237 aliis
763 1170 950 1238 necessariis
980 1168 1123 1258 officinis,
1146 1189 1204 1252 pro
1226 1189 1285 1236 usu
1317 1175 1350 1235 et
1371 1170 1573 1238 habitatione

228 1263 335 1324 vestra
357 1262 389 1324 et
410 1256 546 1324 fratrum
568 1258 645 1325 dicti
667 1257 786 1323 ordinis
808 1257 905 1326 etiam
927 1259 966 1324 de
990 1257 1106 1324 vicaria
1131 1257 1256 1324 Bosnae
1279 1255 1451 1324 existentes
1473 1257 1515 1324 ad
1536 1257 1574 1322 id

227 1344 421 1411 voluntarios
443 1345 483 1411 do
506 1345 704 1426 superiorum
728 1363 857 1412 suorum
879 1344 1009 1412 licentia
1031 1343 1205 1412 transferre
1227 1349 1260 1411 et
1275 1344 1425 1429 recipere,
1441 1363 1480 1412 ac
1494 1344 1576 1410 inibi

226 1451 290 1499 una
312 1451 384 1498 cum
405 1431 526 1498 eisdem
547 1431 697 1500 fratribus
727 1432 786 1499 sub
808 1431 1007 1516 regularibus
1041 1432 1220 1498 constitutis
1241 1431 1317 1498 dicti
1339 1432 1459 1499 ordinis
1481 1429 1576 1498 altis-

226 1521 307 1586 simo
330 1517 486 1602 famulari,
510 1537 568 1586 nec
589 1538 652 1586 non
675 1519 787 1586 missas
809 1525 842 1586 et
864 1519 927 1587 alia
940 1519 1048 1587 divina
1062 1517 1166 1586 officia
1188 1517 1359 1594 celebrare,
1376 1537 1413 1586 ac
1435 1519 1572 1586 verbum

226 1607 288 1672 Dei
323 1607 506 1688 praedicare
536 1605 635 1673 libere
665 1611 697 1673 et
723 1606 809 1674 licite
832 1607 987 1683 valeretis,
1023 1605 1174 1673 ordinarii
1203 1604 1266 1672 loci
1295 1625 1390 1690 super
1411 1605 1472 1673 boc
1494 1625 1572 1673 con·

227 1712 321 1760 sensu
344 1692 473 1759 minime
496 1693 645 1776 requisito
673 1693 746 1779 (etc.
769 1702 923 1778 utsupra
946 1694 977 1759 in
999 1693 1110 1777 tortu)
1140 1692 1301 1760 decutiam
1329 1699 1363 1760 st
1391 1691 1574 1776 plenariam

226 1779 410 1847 facultatem
441 1780 660 1847 concessimus.
694 1781 738 1847 Et
767 1781 966 1846 nihilominus
991 1780 1090 1860 vobis,
1122 1784 1155 1846 et
1183 1781 1340 1847 universis
1362 1779 1513 1849 fratribus
1536 1781 1573 1846 in

225 1867 345 1934 eisdem
367 1867 510 1934 domibus
532 1873 566 1933 et
587 1865 665 1934 locis
687 1886 744 1950 pro
765 1873 906 1950 tempore
928 1867 1107 1949 moraturis,
1139 1871 1175 1934 ut
1203 1867 1348 1934 omnibus
1379 1873 1413 1934 et
1434 1867 1574 1950 singulis

225 1953 399 2040 privilegiis
431 1953 563 2021 indultis
597 1959 629 2021 et
662 1954 775 2039 gratiis
809 1955 1047 2036 quibuscunque
1076 1953 1278 2038 generalibus
1308 1961 1342 2020 et
1370 1954 1573 2038 specialibus,

227 2060 482 2124 quorumcunque
504 2046 649 2108 tenorum
671 2042 851 2124 existerent,
885 2041 1037 2110 fratribus
1058 2041 1201 2125 ejusdem
1230 2041 1348 2108 ordinis
1378 2059 1437 2124 per
1461 2044 1573 2108 sedem

226 2128 432 2214 apostolicam
462 2129 618 2196 concessis
648 2134 680 2196 et
712 2131 918 2212 imposterum
946 2129 1152 2196 concedendis
1173 2129 1221 2196 uti
1255 2134 1288 2194 et
1317 2127 1456 2211 gaudere
1485 2129 1573 2196 vale·

225 2217 303 2282 retis
325 2223 358 2282 et
384 2213 538 2300 valerent,
572 2217 760 2284 auctoritate
783 2217 945 2300 praedicta
967 2215 1164 2298 indulsimus,
1194 2220 1289 2299 prout
1311 2216 1343 2282 in
1365 2215 1441 2298 ipsis
1464 2215 1572 2283 literis

225 2303 349 2388 plenius
382 2304 569 2372 continetur.
604 2302 683 2372 Cum
717 2308 841 2388 autem,
876 2303 958 2370 sicut
992 2304 1084 2370 nobis
1113 2321 1214 2386 nuper
1246 2322 1303 2387 pro
1336 2308 1428 2389 parte
1459 2311 1571 2371 vestra

225 2391 336 2474 petitio
359 2391 546 2469 continebat,
569 2410 626 2458 voa
648 2389 798 2458 nonnulla
820 2391 971 2476 praedicti
986 2391 1077 2473 regni
1091 2388 1161 2458 loca
1175 2389 1339 2473 praefatae
1355 2391 1571 2458 concessionis

225 2477 333 2560 vigore
354 2476 437 2544 licite
460 2477 697 2560 acquisiveritis,
730 2478 870 2560 inibique
892 2477 1071 2562 regularem
1101 2477 1333 2545 observantiam
1355 2477 1569 2558 institueritis,

224 2572 354 2647 propter
385 2565 470 2647 quod
500 2565 617 2632 (llrristi
647 2563 787 2632 fidelium
816 2563 943 2632 illarum
974 2565 1113 2649 partium
1135 2564 1254 2632 animos
1284 2565 1326 2632 ad
1352 2567 1570 2650 devotionem,

224 2657 318 2734 prout
340 2653 428 2718 vobis
451 2672 470 2718 a
492 2653 559 2718 Deo
582 2670 764 2718 concessum
785 2659 843 2738 est,
866 2652 1035 2732 incitastis;
1060 2657 1093 2718 et
1108 2651 1135 2718 si
1151 2651 1215 2718 alia
1229 2652 1318 2719 vobis
1337 2651 1407 2718 loca
1423 2671 1481 2733 pro
1498 2653 1571 2736 ipso

224 2740 333 2805 ordine
355 2739 525 2821 recipiendi
549 2739 679 2806 daretur
700 2739 846 2820 facultas,
869 2741 999 2806 uberem
1021 2739 1158 2822 speratis
1180 2737 1333 2806 altissimo
1348 2741 1483 2806 reddere
1498 2740 1570 2806 ani-

224 2844 346 2893 marum
368 2825 524 2910 fructum3
548 2845 645 2908 quare
669 2845 726 2908 pro
747 2833 837 2911 parte
858 2832 964 2894 vestra
979 2825 1039 2892 fuit
1061 2827 1153 2894 nobis
1167 2825 1329 2893 humiliter
1343 2826 1568 2909 supplicatum

225 2919 261 2978 ut
282 2932 378 2996 super
399 2913 450 2979 his
480 2919 633 2996 oportune
662 2914 828 2998 providere
858 2914 899 2981 de
927 2913 1122 2996 benignitate
1154 2912 1326 2996 apostolica
1348 2913 1567 2996 dignaremur.

225 2999 291 3067 Nos
313 3001 421 3082 itaque
442 3001 641 3066 intendentes
664 2999 849 3084 religionem
871 3000 986 3068 nostris
1008 3001 1173 3084 potissime
1196 3001 1390 3085 temporibus
1406 2999 1570 3086 ampliari,

226 3087 404 3166 huiusmodi
436 3087 717 3170 supplicationibus
745 3087 896 3168 inclinati,
928 3087 1016 3154 vobis
1050 3087 1113 3154 alia
1146 3093 1267 3170 septem
1301 3086 1370 3155 loca
1402 3088 1436 3154 in
1469 3107 1571 3172 regno

226 3175 397 3258 praedicto,
419 3175 448 3242 si
470 3174 558 3241 vobis
587 3174 641 3258 pia
670 3173 810 3241 fidelium
837 3175 1004 3258 largitione
1038 3175 1258 3257 concedantur,
1288 3175 1339 3242 vel
1369 3173 1449 3242 alias
1471 3176 1571 3260 justis

225 3263 326 3328 modis
348 3260 404 3328 illa
427 3261 553 3343 possitis
575 3261 715 3345 adipisci,
738 3263 909 3346 recipiendi
932 3266 964 3328 et
980 3262 1147 3348 retinendi,
1171 3267 1204 3327 et
1222 3263 1255 3327 in
1271 3261 1412 3344 quolibet
1426 3263 1571 3346 ipsorum

226 3347 366 3414 locorum
390 3347 564 3428 ecclesiam,
588 3350 655 3415 sive
685 3349 865 3429 oratorium,
894 3367 965 3415 cum
997 3347 1175 3434 campanili,
1198 3367 1360 3432 campana,
1383 3351 1569 3432 cemeterio,

225 3435 370 3501 domibus
399 3442 432 3501 et
461 3435 533 3500 aliis
563 3437 748 3502 necessariis
777 3434 910 3502 officinis
939 3454 997 3518 pro
1027 3455 1087 3503 usu
1117 3441 1150 3504 et
1172 3436 1365 3504 habitatione
1396 3443 1572 3516 vostrast

225 3521 359 3588 fratrum
382 3523 456 3588 dicti
479 3523 607 3599 ordinis,
631 3523 738 3590 debita
759 3528 887 3590 servata
908 3522 1069 3609 distantia,
1101 3523 1301 3590 construendi
1322 3528 1355 3590 et
1371 3523 1569 3607 aedificandi,

225 3627 369 3674 necnon
398 3627 599 3690 quoscunque
629 3609 743 3675 fratres
773 3610 848 3676 dicti
880 3609 998 3676 ordinis
1029 3611 1126 3676 etiam
1152 3610 1192 3677 do
1214 3611 1334 3678 vicaria
1355 3611 1480 3678 Bosnae
1502 3612 1570 3680 eni-

226 3699 347 3762 stentes
381 3696 420 3762 ad
452 3695 486 3760 id
516 3695 712 3764 voluntarios
740 3696 779 3763 ds
809 3697 1007 3780 superiorum
1037 3715 1166 3765 suorum
1190 3697 1320 3764 licentia
1342 3697 1569 3787 transferendi,

224 3782 393 3864 omniaque
426 3781 491 3848 alia
513 3787 545 3847 et
568 3783 693 3865 singula
715 3783 852 3850 faciendi
874 3790 906 3851 et
929 3784 1053 3866 agendi,
1082 3803 1164 3866 quae
1186 3783 1219 3850 in
1241 3785 1425 3868 praemissis
1447 3785 1570 3853 litteris

224 3869 342 3935 nostris
364 3869 447 3936 circa
468 3868 569 3952 primo
584 3871 668 3938 dicta
689 3876 810 3954 septem
832 3870 903 3938 loca
919 3871 1101 3952 hujusmodi
1126 3871 1212 3938 vobis
1235 3872 1470 3955 quomodolibet
1491 3879 1570 3940 sunt

224 3975 381 4042 concessa,
405 3956 603 4022 concedimus
625 3955 816 4026 facultatem.
837 3957 903 4026 Nos
918 3957 1001 4025 enim
1022 3958 1112 4025 vobis
1135 3963 1167 4024 et
1190 3959 1345 4027 universis
1366 3957 1518 4028 iratribus
1534 3961 1569 4027 in

154 4049 156 4054 ’
223 4043 342 4109 eisdam
364 4041 484 4109 ultimis
507 4043 651 4110 domibus
680 4049 713 4111 et
734 4043 812 4112 locis
843 4064 901 4130 pro
923 4050 1065 4128 tempore
1095 4045 1274 4128 moraturis,
1303 4051 1339 4112 ut
1367 4047 1513 4114 omnibus
1537 4054 1571 4115 et

224 4129 358 4210 singulis
380 4129 565 4216 privilegiis,
595 4130 725 4198 indultis
755 4137 787 4198 et
817 4132 929 4216 gratiis
961 4133 1196 4215 quibuscunque
1218 4132 1419 4216 generalibus
1442 4141 1476 4202 ot
1497 4154 1569 4220 sps

225 4216 365 4292 cialibus¹
391 4235 658 4300 quorumcumque
679 4222 823 4285 tenorum
853 4220 998 4300 existant,
1029 4218 1183 4286 fratribus
1205 4221 1345 4302 ejusdem
1367 4221 1487 4288 ordinis
1509 4241 1570 4307 per

224 4303 341 4369 dictam
364 4305 470 4370 sedem
493 4305 658 4391 concessis,
689 4312 720 4372 et
742 4306 955 4387 'imposterum
985 4308 1191 4374 concedendis
1222 4307 1270 4373 uti
1293 4314 1325 4374 et
1349 4311 1492 4392 gaudere
1514 4329 1570 4378 va·

225 4389 326 4472 lautis,
350 4396 382 4455 et
404 4391 540 4475 valeant,
563 4392 750 4460 auctoritate
772 4393 945 4477 apostolica
966 4395 1127 4478 praedicta
1151 4403 1258 4462 tenore
1280 4396 1495 4478 praesentium
1519 4399 1569 4464 in-

225 4475 399 4559 dulgemus.
432 4478 502 4544 Non
536 4479 733 4546 obstantibus
762 4482 907 4548 omnibus
936 4485 969 4548 et
1001 4481 1143 4564 singulis,
1171 4481 1307 4565 quaein
1330 4482 1570 4552 dictisnostris

226 4563 328 4630 literis
349 4583 410 4633 non
433 4567 560 4634 obstare
581 4565 746 4648 voluimus,
778 4587 816 4636 ac
838 4569 1062 4637 constitutione
1089 4575 1121 4636 et
1143 4568 1354 4652 ordinatione,
1377 4588 1440 4654 qua
1462 4573 1571 4640 caveri

225 4651 351 4739 dicitur,
376 4653 460 4737 quod
482 4652 597 4724 dabas
618 4654 695 4723 dieti
716 4655 835 4725 ordinis
863 4657 934 4728 loca
955 4655 1063 4742 aliqua
1084 4657 1226 4742 recipere
1251 4675 1314 4726 non
1343 4658 1479 4747 possint,
1505 4659 1571 4730 nisi
